3286 5036
588 433 660 498 aa
685 434 918 500 arraona
941 437 991 498 rr.
1329 439 1392 525 3⁶3
1439 403 1446 411 ’

189 643 310 703 genere
333 617 464 687 libitum
481 623 561 686 mihi
585 633 635 687 est
656 623 757 706 paulo
779 624 884 707 plura,
907 644 1008 706 quam
1030 627 1250 704 ostenderam,
1274 628 1391 706 dicere,

190 747 257 790 non
273 737 344 791 tam
359 735 494 810 propter
509 749 605 790 usum
621 726 793 804 forensem,
809 729 866 810 qui
882 739 932 792 est
952 751 972 793 a
988 749 1042 792 me
1057 731 1147 793 omni
1162 731 1225 795 hoc
1240 751 1391 796 sermone

190 840 359 910 tractatus,
376 854 477 914 quam
494 842 529 896 ut
546 833 609 897 hoc
624 832 787 906 videretis,
804 833 832 894 si
853 832 1060 896 laudationes
1077 843 1187 898 essent
1202 834 1236 897 in
1252 835 1390 899 oratoris

190 935 306 1014 officio,
330 937 419 1018 quod
436 957 534 1000 nemo
549 944 658 1018 negat,
675 935 797 999 oratori
814 936 973 1000 virtutum
989 937 1138 999 omnium
1156 938 1389 1020 cognitionem,

119 1051 176 1096 349
190 1040 261 1102 sine
282 1061 347 1121 qua
368 1039 514 1104 laudatio
533 1040 616 1103 effici
633 1061 699 1103 non
715 1051 837 1122 posset,
854 1061 925 1103 esse
941 1041 1169 1105 necessariam.
1216 1041 1288 1105 Iam
1304 1042 1418 1108 vitu-5

189 1146 326 1225 perandi
349 1154 526 1227 praecepta
549 1144 718 1208 contrariis
741 1164 785 1206 ex
807 1145 895 1207 vitiis
914 1145 1075 1207 sumenda
1092 1166 1164 1208 esse
1180 1145 1389 1228 perspicuum

189 1257 259 1324 est3
283 1248 381 1311 simul
405 1257 455 1311 est
480 1248 560 1311 illud
585 1256 663 1310 ante
687 1247 809 1324 oculos,
832 1267 892 1311 nec
915 1248 1040 1310 bonum
1070 1249 1176 1312 virum
1199 1251 1331 1331 proprie
1355 1261 1389 1313 et

187 1352 321 1433 copiose
336 1352 463 1416 laudari
479 1352 548 1415 sine
562 1352 722 1416 virtutum
742 1371 803 1416 nec
824 1351 1013 1432 improbum
1035 1352 1141 1415 notari
1156 1371 1195 1415 ac
1210 1353 1387 1434 vituperari

81 1453 85 1460 ’
186 1456 257 1519 sine
267 1457 422 1520 vitiorum
434 1456 621 1537 cognitione
633 1457 713 1518 satis
725 1455 880 1537 insignite
891 1465 993 1537 atque
1004 1476 1121 1537 aspere
1133 1476 1241 1537 posse.
1274 1455 1388 1538 Atque

185 1558 237 1621 his
260 1558 340 1622 locis
363 1570 397 1624 et
419 1559 576 1623 laudandi
600 1568 633 1623 et
654 1560 983 1641 vituperandi·saepe
998 1559 1094 1622 nobis
1110 1570 1160 1622 est
1178 1560 1337 1624 utendum
1355 1561 1387 1623 in
1404 1581 1434 1617 10

186 1664 276 1725 omni
292 1683 411 1745 genere
426 1684 609 1727 causarum.

116 1779 173 1825 350
231 1766 374 1831 Habetis
397 1767 440 1830 de
462 1767 665 1832 inveniendis
692 1767 789 1830 rebus
815 1767 1096 1849 disponendisque
1119 1767 1198 1848 quid
1222 1767 1386 1845 sentiam3

185 1870 365 1952 adiungam
380 1871 481 1934 etiam
498 1873 540 1935 de
556 1871 721 1945 memoria,
744 1880 780 1935 ut
802 1870 915 1934 labore
937 1869 1092 1934 Crassum
1108 1870 1215 1934 levem
1233 1891 1340 1951 neque
1357 1872 1386 1934 ei

185 1975 361 2056 quicquam
373 1974 472 2052 aliud,
481 1975 524 2039 de
536 1991 601 2057 quo
613 1976 761 2048 disserat,
773 1974 955 2056 relinquam
966 1975 1028 2036 nisi
1041 1994 1089 2052 ea,
1101 1975 1221 2055 quibus
1233 1975 1315 2038 haec
1327 1997 1385 2038 ex·
1423 2030 1425 2034 ,

117 2079 171 2146 86
185 2076 360 2143 ornentur.'
385 2081 507 2162 ‘Perge
519 2076 614 2158 vero‚'
627 2079 733 2161 inquit
744 2078 899 2142 Crassus‘
913 2078 1054 2141 libenter
1069 2078 1157 2141 enim
1172 2087 1206 2141 te
1216 2079 1384 2160 cognitum
1401 2093 1430 2154 15·

183 2182 248 2245 iam
259 2183 418 2247 artificem
433 2184 678 2266 aliquandoque
690 2182 859 2246 evolutum
875 2181 938 2245 illis
954 2182 1190 2264 integumentis
1201 2182 1385 2246 dissimula-

181 2287 280 2350 tionis
291 2297 369 2352 tuae
379 2289 607 2369 nudatumque
616 2287 776 2370 perspicio
788 2312 796 2364 ;
820 2294 854 2349 et
865 2285 954 2367 quod
969 2285 1049 2350 mihi
1061 2285 1142 2348 nihil
1154 2295 1212 2350 aut
1221 2306 1287 2348 non
1301 2287 1384 2348 mul-

116 2404 167 2450 351
181 2399 252 2453 tum
269 2392 432 2473 relinquis,
446 2393 681 2475 percommode
691 2391 770 2454 facis
782 2401 898 2472 estque
910 2389 990 2452 mihi
1002 2389 1153 2471 gratum?
1188 2394 1195 2422 ‘
1209 2390 1282 2452 Iam
1298 2391 1382 2454 istuc
1443 2383 1444 2386 ¹

182 2505 343 2575 quantum
366 2496 427 2560 tibi
443 2517 505 2578 ego
521 2491 726 2577 reliquerim,'
742 2494 849 2576 inquit
864 2493 1033 2556 Antonius
1050 2495 1132 2558 ‘erit
1148 2493 1181 2556 in
1196 2503 1254 2557 tua
1272 2505 1383 2577 potes·

181 2606 271 2676 tate3
290 2600 416 2663 sienim
427 2620 505 2663 vere
516 2620 614 2682 agere
622 2598 773 2676 volueriS,
783 2597 895 2660 omnia
907 2596 967 2660 tibi
979 2598 1126 2678 relinquo
1139 2623 1146 2676 ;
1164 2595 1213 2660 sin
1230 2597 1382 2662 dissimu·
1398 2629 1429 2665 20

181 2700 257 2780 lare,
268 2710 304 2766 tu
321 2723 420 2784 quern
435 2704 478 2766 ad
491 2703 627 2766 modum
636 2701 687 2765 his
697 2703 777 2765 satis
787 2700 896 2778 faciaS,
907 2700 1035 2764 videris.
1062 2700 1139 2778 Sed,
1151 2711 1187 2765 ut
1197 2703 1241 2765 ad
1252 2723 1321 2766 rem
1334 2725 1382 2767 re-

182 2807 288 2884 deam,
304 2828 370 2870 non
386 2827 459 2870 sum
474 2815 569 2871 tanto
590 2805 672 2888 ego'
688 2806 794 2888 inquit
811 2805 970 2886 ‘ingenio
989 2815 1115 2886 quanto
1138 2805 1383 2872 Themistocles

181 2910 251 2986 fuit,
280 2920 316 2974 ut
342 2911 516 2975 oblivionis
541 2919 647 2974 artem
674 2930 776 2991 quam
804 2908 983 2972 memoriae
1011 2909 1151 2986 malim3
1174 2912 1381 2992 gratiamque

180 3014 288 3078 habeo
312 3014 475 3079 Simonidi
497 3014 544 3078 illi
568 3013 637 3092 Cio,
662 3033 762 3094 quem
786 3013 929 3094 primum
945 3011 1054 3075 lerunt
1073 3023 1179 3076 artem
1203 3015 1382 3078 memoriae

557 3158 580 3207 5.
593 3151 670 3204 posset
680 3140 705 3192 S.
737 3141 810 3204 possit
821 3140 847 3188 K
858 3155 915 3188 cum
927 3139 1000 3190 codd.

216 3281 238 3328 3.
254 3269 398 3327 videratis,
417 3283 444 3315 as
468 3267 493 3314 in
519 3271 531 3325 ξ
557 3279 620 3329 340:
645 3266 753 3315 solerem:
839 3261 878 3313 16.
890 3266 1052 3325 artificem,‘
1059 3270 1174 3314 amaster
1185 3265 1215 3316 of
1222 3266 1264 3316 the
1276 3259 1385 3331 theory,‘

183 3332 241 3381 then
263 3339 335 3380 essent
357 3332 378 3380 is
401 3331 524 3381 attracted
547 3332 599 3380 into
622 3331 665 3381 the
687 3347 759 3398 same¹
805 3345 844 3378 ars
854 3345 883 3378 or
893 3331 1026 3393 artificium.

183 3404 266 3457 tense;
295 3397 424 3447 otherwise
450 3398 471 3446 it
492 3397 577 3448 would
604 3397 667 3446 have
692 3398 754 3448 been
840 3409 878 3444 20.
896 3410 971 3454 vere,
1003 3394 1107 3460 ‘fairly‚’
1132 3395 1261 3462 ‘frankly,’
1278 3413 1307 3447 as
1323 3413 1380 3448 con·

183 3474 251 3511 sune:
265 3473 340 3525 posset
357 3464 386 3520 is,
402 3464 415 3511 I
434 3462 512 3519 think,
531 3479 546 3512 a
561 3478 689 3526 necessary
704 3479 755 3513 cor·
806 3461 900 3510 trasted
911 3460 973 3510 with
984 3463 1140 3511 dissimulare.

183 3530 278 3580 rection
289 3529 318 3577 os
326 3528 368 3578 the
376 3531 448 3590 possit
459 3528 490 3578 os
497 3529 539 3578 the
551 3528 623 3578 MSS.
679 3592 684 3603 ι
837 3529 1066 3610 relinquo=⁴you
1084 3527 1137 3577 will
1159 3543 1199 3578 see
1218 3527 1274 3579 that
1289 3527 1303 3577 I
1316 3528 1379 3580 have

183 3598 560 3710 mgkellaffmbzii’gniilierelils
573 3591 755 3709 liosilgleilerirtill
805 3590 878 3706 lefil.
895 3660 1011 3716 videris,
1026 3661 1038 3716 5
1052 3671 1091 3720 33.

184 3726 234 3774 Ell.
254 3734 282 3774 to
300 3725 367 3774 limit
385 3725 428 3774 the
445 3726 511 3775 force
534 3725 563 3774 os
578 3725 620 3773 the
639 3724 708 3773 word
727 3729 754 3772 to
840 3735 878 3773 22.
896 3725 1105 3782 Themistocles,
1121 3727 1133 3782 ξ
1148 3737 1202 3787 299.

184 3792 300 3856 pointing
319 3798 362 3840 out
382 3790 526 3854 disliguring
545 3789 636 3849 marks,
657 3787 754 3852 though
839 3803 878 3851 24.
888 3787 1041 3850 ΟἰοεΚείῳ,
1051 3789 1079 3837 of
1088 3788 1167 3838 Ceos:
1180 3806 1218 3853 cp.
1228 3788 1292 3839 Plin.
1300 3789 1333 3839 N.
1342 3789 1377 3839 H.

183 3859 307 3920 insignitus
319 3857 386 3905 often
401 3872 486 3905 means
502 3855 663 3920 ‘distigured'
680 3854 754 3903 much
806 3853 837 3903 iv.
852 3867 889 3902 12.
899 3853 929 3902 62
940 3854 1011 3904 ‘dein
1023 3855 1094 3914 Ceos,
1104 3869 1178 3918 quam
1186 3855 1264 3903 nostri
1276 3856 1378 3920 quidam

183 3923 235 3972 like
246 3938 291 3973 our
302 3938 357 3972 own
371 3921 501 3970 ‘marked’
805 3919 887 3968 dixere
899 3917 1005 3969 Ceam:’
1022 3920 1065 3968 the
1081 3919 1155 3969 latter
1168 3936 1246 3969 seems
1261 3921 1303 3970 the
1319 3921 1378 3984 only

217 4001 255 4037 10.
272 3992 304 4036 in
323 3991 520 4044 omnigenam
540 4000 687 4036 causarum
695 3985 704 4033 ε’
715 4001 754 4048 cp.
805 3984 869 4032 fonn
880 3985 957 4034 found
974 3985 1000 4033 in
1015 3985 1089 4034 Latin
1107 3985 1215 4046 authors,
1229 3987 1336 4051 perhaps
1350 3993 1376 4035 to

182 4053 225 4103 the
237 4055 319 4117 praise
336 4053 365 4102 of
372 4052 492 4102 Lucullus
509 4052 652 4100 introduced
670 4052 695 4099 in
712 4049 754 4098 the
805 4051 880 4098 avoid
905 4066 920 4099 a
944 4051 1072 4100 confusion
1094 4051 1156 4100 with
1183 4052 1225 4101 the
1248 4053 1374 4116 adjective.

183 4118 274 4183 speech
296 4119 350 4167 ‘De
370 4118 480 4182 Imperio
499 4119 545 4166 Cn.
563 4114 693 4181 Pompeii,‘
712 4115 754 4164 the
805 4116 851 4180 Cp.
870 4117 1038 4176 carmarias,
1056 4117 1105 4166 aud
1123 4116 1290 4167 etrus=xtoe
1331 4119 1376 4168 Be·

181 4181 755 4248 eulogyonChabriasinDemosthenes'speech
804 4182 870 4230 sides
892 4181 1038 4240 Simonides,
1063 4182 1111 4230 aud
1133 4182 1173 4231 his
1190 4183 1295 4246 nephew
1315 4183 1375 4233 Bac·

183 4249 239 4313 πρὸς
249 4247 375 4311 Λεπτίνην,
387 4257 434 4299 etc.
804 4247 922 4311 chylides,
936 4247 978 4296 the
990 4247 1085 4311 sophist
1101 4248 1226 4303 Prodicus,
1239 4249 1281 4296 the
1293 4247 1375 4312 philo·

215 4331 253 4366 ee.
261 4320 361 4375 85-88,
374 4321 403 4375 55
416 4318 553 4365 350-360.
573 4314 691 4362 Antonius
698 4321 754 4374 pro·
803 4312 894 4377 sopher
905 4314 1007 4362 Ariston
1022 4313 1071 4362 and
1082 4314 1124 4362 the
1138 4313 1267 4376 physician
1280 4313 1375 4362 Erasis-

181 4385 244 4429 eeeds
266 4392 298 4430 ta*
311 4384 366 4445 give
388 4397 419 4428 aa
445 4381 531 4428 outline
558 4380 587 4440 os
603 4381 641 4428 ilie
663 4389 701 4426 are
728 4377 759 4438 of
803 4385 882 4427 tratus
894 4395 957 4427 were
973 4380 1034 4427 bom
1047 4379 1072 4426 in
1088 4378 1136 4426 this
1150 4377 1224 4426 small
1238 4378 1326 4432 island.
1339 4379 1374 4428 all

181 4463 288 4507 memory,
302 4449 419 4511 ascribing
429 4448 458 4494 its
469 4445 550 4511 origin
563 4455 586 4493 ro
604 4445 641 4492 elie
656 4459 753 4492 manner
803 4444 877 4508 being
887 4445 983 4492 natives
1000 4444 1029 4492 of
1041 4444 1072 4492 its
1088 4442 1209 4507 priucipal
1225 4449 1292 4492 town
1303 4443 1373 4496 Iulis.

180 4513 204 4559 in
224 4513 298 4561 which
319 4513 448 4561 Simonides
468 4528 516 4560 was
538 4510 617 4558 struck
637 4510 693 4558 wirla
716 4509 752 4558 ria
803 4509 851 4558 Mr.
864 4509 928 4557 Reid
952 4515 997 4566 (on
1016 4509 1072 4558 Cat.
1094 4509 1131 4557 M.
1152 4514 1165 4566 ξ
1184 4509 1211 4570 3)
1231 4508 1329 4558 decides
1347 4511 1373 4559 in

180 4578 301 4626 assistance
322 4579 416 4628 derived
429 4579 499 4639 from
521 4578 616 4636 orderly
639 4589 752 4640 arrange·
802 4573 890 4623 favour
907 4573 936 4624 of
950 4574 992 4624 the
1011 4573 1118 4639 spelling
1136 4575 1191 4622 cius
1209 4573 1291 4625 rather
1313 4575 1374 4625 than

179 4650 248 4694 ment.
803 4641 861 4687 Ceus
878 4641 928 4704 (ep.
944 4647 1002 4689 note
1018 4655 1050 4689 on
1063 4639 1205 4702 Democritii,
1222 4640 1240 4690 i.
1256 4653 1293 4692 10.
1312 4643 1372 4706 4²)²

741 4720 831 4788 aba
