3286 5036
559 422 629 486 DE
648 422 783 488 ORAT
783 423 882 487 ORE
912 423 962 489 II.

1304 440 1367 506 349

167 631 280 675 eorum
311 612 431 695 partim
461 612 509 676 ita
539 611 623 676 levia
654 621 742 688 sunt,
771 622 808 677 ut
839 613 1082 677 contemnenda
1112 611 1199 688 sint;
1236 611 1366 693 partim,

167 717 296 779 etiamsi
320 717 398 798 quid
421 716 546 779 habent
569 715 762 792 adiumenti,
785 727 861 780 sunt
885 737 950 781 non
972 735 1154 798 numquam
1174 717 1243 779 eius
1267 716 1367 791 modi,

168 829 205 882 ut
227 821 304 884 insit
325 822 358 884 in
382 821 429 883 eis
448 820 572 902 aliquid
588 821 659 888 vitii
684 841 791 903 neque
813 822 897 884 tanti
919 821 962 884 sit
985 821 1074 897 illud,
1097 821 1187 903 quod
1210 820 1367 902 prodesse

95 935 153 980 309
167 925 326 1001 videatur,
349 934 385 987 ut
406 944 480 986 curn
505 925 616 1005 aliquo
640 923 727 987 malo
753 925 990 1005 coniungatur3
1021 945 1108 1005 quae
1135 933 1247 986 autem
1273 922 1367 986 utilia

167 1037 243 1090 sunt
259 1037 360 1109 atque
376 1027 477 1105 firma,
499 1028 526 1089 si
547 1047 585 1089 ea
607 1037 727 1100 tamen,
749 1036 786 1089 ut
805 1047 904 1109 saepe
920 1028 965 1104 fit,
980 1026 1077 1089 valde
1093 1026 1198 1089 multa
1213 1036 1299 1100 sunt,
1316 1046 1364 1101 ea,
1380 1041 1395 1093 s

167 1149 252 1210 quae
275 1152 319 1193 ex
342 1132 387 1193 eis
410 1140 468 1193 aut
490 1129 654 1194 levissima
676 1139 753 1193 sunt
775 1140 833 1193 aut
853 1129 926 1193 aliis
948 1130 1151 1212 gravioribus
1174 1129 1366 1207 consimilia,

166 1235 289 1296 secerni
310 1235 451 1297 arbitror
470 1243 622 1316 oportere
645 1243 746 1317 atque
769 1255 813 1296 ex
836 1236 984 1298 oratione
1007 1235 1186 1297 removeri:
1210 1233 1365 1314 equidem

75 1400 83 1408 ,
166 1357 241 1400 curn
265 1338 396 1419 conligo
420 1347 614 1419 argumenta
638 1358 819 1415 causarum,
842 1358 908 1400 non
931 1347 1001 1400 tam
1022 1357 1062 1400 ea
1083 1356 1254 1399 numerare
1274 1337 1365 1400 soleo

103 1438 153 1506 77
167 1461 266 1521 quam
283 1443 481 1523 expendere.
513 1441 559 1505 Et
576 1442 740 1522 quoniam,
754 1442 844 1521 quod
860 1461 961 1522 saepe
976 1441 1041 1503 iarn
1057 1441 1137 1517 dixi,
1149 1440 1253 1502 tribus
1269 1439 1365 1502 rebus

97 1524 153 1570 ³¹⁰
165 1544 317 1607 homines
339 1545 383 1607 ad
406 1554 552 1607 nostram
579 1545 778 1609 sententiam
804 1545 1023 1626 perducimus
1046 1554 1103 1607 aut
1129 1543 1280 1606 docendo
1306 1553 1364 1606 aut
1380 1567 1411 1602 ro

165 1647 370 1711 conciliando
394 1657 451 1711 aut
476 1651 708 1730 permovend0,
732 1669 798 1711 una
822 1670 865 1711 ex
888 1649 993 1712 tribus
1015 1647 1065 1710 his
1088 1648 1184 1710 rebus
1210 1667 1261 1709 res
1285 1666 1365 1727 prae

165 1753 260 1815 nobis
277 1761 326 1815 est
342 1751 485 1830 ferenda,
502 1762 537 1815 ut
559 1752 638 1815 nihil
661 1753 749 1816 aliud
769 1754 830 1815 nisi
846 1755 963 1816 docere
978 1751 1062 1815 velle
1076 1751 1268 1827 videamur3
1292 1751 1365 1813 reli-

165 1875 250 1936 quae
276 1857 370 1932 duae,
397 1857 492 1919 sicuti
520 1858 654 1937 sanguis
678 1857 711 1919 in
738 1856 936 1937 corporibuS,
963 1856 1009 1918 sic
1035 1855 1110 1918 illae
1137 1857 1170 1917 in
1197 1856 1364 1936 perpetuis

164 1959 366 2022 orationibus
397 1958 489 2023 susae
517 1981 588 2023 csse
613 1961 801 2037 debebunt;
840 1979 917 2022 nam
941 1967 974 2022 et
998 1958 1156 2041 principia
1180 1967 1213 2021 et
1235 1967 1364 2021 ceterae

165 2072 274 2143 partes
297 2063 462 2138 orationis
489 2064 675 2146 dequibus
701 2064 799 2145 paulo
826 2072 902 2145 post
929 2083 1033 2145 pauca
1059 2065 1215 2139 dicemus,
1241 2061 1364 2125 habere
1380 2088 1408 2138 15

164 2165 250 2229 hanc
265 2167 332 2229 vim
356 2187 478 2248 magno
496 2187 596 2249 opere
616 2168 748 2241 debent,
765 2177 802 2230 ut
825 2169 868 2230 ad
892 2187 1004 2229 eorum
1026 2167 1154 2242 mentis,
1170 2165 1259 2247 apud
1280 2186 1364 2246 quos

101 2287 151 2331 311
164 2278 289 2350 agetur,
309 2271 490 2333 movendas
512 2271 674 2352 pertinere
696 2273 833 2352 possint.
887 2270 955 2335 Sed
978 2270 1029 2333 his
1044 2271 1192 2352 partibus
1207 2271 1363 2333 orationis

163 2394 257 2455 quae,
285 2375 346 2436 etsi
377 2373 457 2437 nihil
480 2375 602 2438 docent
629 2375 899 2457 argumentanda
927 2375 1157 2456 persuadendo
1186 2382 1298 2436 tamen
1330 2382 1363 2436 et

163 2479 404 2541 commovendo
427 2479 602 2560 proficiunt
625 2479 812 2560 plurimum,
830 2499 1032 2560 quamquam
1051 2479 1198 2540 maxime
1212 2477 1362 2559 proprius

163 2589 213 2643 est
228 2580 321 2644 locus
337 2591 370 2644 et
387 2582 419 2643 in
437 2583 642 2645 exordiendo
662 2591 696 2644 et
719 2582 751 2643 in
773 2582 968 2663 perorando,
984 2582 1112 2664 digredi
1126 2591 1239 2646 tamen
1254 2580 1297 2643 ab
1313 2599 1361 2651 eo,
1380 2609 1424 2652 ω,

162 2685 251 2766 quod
275 2687 484 2766 proposueris
503 2695 604 2767 atque
621 2705 710 2766 agas,
733 2686 1030 2767 permovendorum
1054 2685 1239 2748 animorum
1263 2703 1362 2748 causa

164 2827 201 2878 14.
217 2831 273 2864 nam
285 2853 291 2865 .
303 2851 307 2863 .
321 2852 327 2865 .
340 2817 439 2876 possint
447 2815 504 2865 incl.
514 2814 549 2864 K.
635 2819 673 2864 18.
690 2819 883 2880 argumentando.
892 2817 1052 2879 persuadendo
1063 2826 1085 2863 et
1092 2815 1252 2864 commovendo
1264 2813 1321 2863 incl.
1330 2812 1364 2862 K.
1432 2817 1438 2832 ‘

286 2895 323 2930 20.
341 2883 435 2946 digredi
445 2881 483 2930 PS
495 2897 551 2929 cum
563 2880 634 2930 codd.
647 2880 761 2945 plurimis
773 2882 832 2946 (Lg.
847 2897 858 2929 2
872 2888 896 2930 et
908 2883 927 2930 Z
939 2886 1013 2944 corr.)
1024 2899 1030 2930 ι
1047 2884 1143 2945 degredi
1154 2882 1181 2929 K
1192 2880 1241 2928 Ell.

197 3006 219 3041 1.
242 3007 338 3041 eorum
368 2995 624 3048 partim...sunt:
656 2999 739 3058 §943

161 3058 179 3108 i.
193 3071 232 3117 31·
246 3071 300 3117 141.
334 3057 530 3121 Roby,§1429.

196 3137 218 3184 3.
236 3126 312 3180 quod
323 3126 473 3179 prodesse:
492 3123 573 3185 Roby,
589 3128 601 3183 5
617 3137 687 3188 1094.

194 3205 217 3251 4.
236 3203 307 3245 quae
331 3194 425 3236 autem
442 3191 531 3249 utilia,
551 3195 597 3237 etc.
634 3189 677 3236 ‘ln
697 3188 739 3238 the

162 3269 218 3303 case
230 3253 259 3302 of
269 3253 338 3301 those
350 3260 491 3316 arguments
499 3254 520 3302 :'
538 3254 579 3302 the
591 3253 699 3316 position
712 3253 741 3301 of

161 3319 204 3367 the
213 3319 294 3367 words
306 3325 332 3366 at
345 3319 387 3367 the
395 3319 530 3382 beginning
538 3319 567 3366 ol
573 3318 616 3366 the
625 3325 737 3368 sentence

161 3390 227 3432 must
238 3385 270 3431 be
282 3384 392 3432 retained
404 3383 428 3431 in
441 3384 595 3433 translation.

193 3465 217 3514 9.
240 3453 414 3506 expendere:
441 3464 480 3512 cp.
500 3449 544 3498 Or.
569 3462 606 3510 15.
625 3449 657 3513 48
678 3457 738 3498 ‘nec

161 3530 218 3564 vero
226 3517 331 3574 (orator)
339 3513 737 3578 uteturimprudenterhaccopia,

160 3581 203 3628 sed
216 3581 300 3629 omnia
311 3580 437 3643 expendet.
449 3585 474 3628 et
489 3578 591 3642 seliget:
609 3595 659 3628 non
672 3580 737 3628 euim

161 3659 258 3710 semper
268 3660 314 3694 nec
330 3645 354 3692 in
367 3645 482 3693 omnibus
499 3645 579 3693 causis
595 3660 625 3693 ex
643 3646 736 3694 eisdem

162 3710 246 3774 [locis]
260 3716 460 3773 argumentorum
472 3717 598 3758 momenta
609 3718 673 3760 sunt.
696 3709 736 3759 Iu-

160 3775 251 3823 dicium
260 3776 336 3839 igitur
344 3775 480 3829 adhibebit,
488 3791 533 3823 nec
542 3776 648 3824 inveniet
655 3776 735 3824 solum

159 3842 218 3906 quid
230 3842 306 3900 dicat,
319 3841 361 3888 sed
374 3841 450 3888 etiarn
461 3838 598 3904 expendet!

193 3921 232 3955 11.
250 3921 317 3963 pras
330 3909 412 3954 nobis
423 3911 467 3955 est
478 3909 601 3966 ferenda,
615 3911 695 3955 ‘must
705 3905 736 3955 be

159 3973 253 4037 openly
265 3979 308 4036 put
320 3970 441 4019 lorward.’

194 4051 231 4097 13.
249 4042 289 4085 sie
307 4039 373 4084 illas
387 4051 495 4084 resumes
508 4039 633 4094 reliquas
645 4039 717 4086 duae
731 4053 736 4084 :

159 4118 197 4167 cp.
212 4103 263 4150 ‘sic
274 4101 359 4158 illam:
373 4107 385 4161 §
401 4113 454 4163 257.

190 4172 222 4216 in
238 4170 381 4225 perpetuis
399 4169 582 4227 orationibus,
601 4166 733 4231 ‘through-

159 4241 203 4281 out
216 4232 258 4281 the
269 4231 351 4281 whole
363 4232 392 4281 ol
400 4232 460 4280 each
472 4231 578 4295 speech’

193 4313 231 4361 14.
248 4313 314 4346 nam
337 4305 366 4348 et
382 4300 522 4355 principis
541 4335 546 4346 .
566 4332 574 4345 .
592 4335 597 4347 .
614 4301 732 4354 possint,

158 4361 213 4411 The
225 4363 307 4411 whole
319 4363 400 4411 clause
410 4363 431 4411 is
443 4363 576 4411 bracketed
587 4363 621 4426 by
630 4363 732 4427 Kayser.

158 4428 208 4476 But
220 4427 289 4476 there
301 4428 321 4476 is
335 4426 440 4490 nothing
455 4429 585 4476 unnatural
597 4429 622 4476 in
632 4428 681 4477 this
692 4444 732 4477 ex·

158 4493 287 4556 planation
305 4493 334 4540 os
348 4492 389 4543 the
405 4493 536 4557 preceding
550 4497 615 4542 illae
629 4530 634 4542 .
650 4530 655 4542 .
669 4529 674 4540 .
687 4497 733 4543 de·

157 4562 283 4607 bebunt:
300 4558 349 4606 and
366 4558 386 4606 it
400 4559 421 4606 is
437 4559 561 4622 expressly
572 4559 674 4622 pointed
689 4565 733 4608 out

158 4623 301 4672 afterwards
312 4623 366 4672 that
378 4625 444 4672 both
458 4624 501 4673 the
512 4627 619 4673 narratio
631 4628 657 4686 (5
670 4623 730 4687 326)

791 2992 840 3041 and
863 2992 905 3042 the
927 2993 1041 3041 conclusio
1062 2993 1087 3053 (5
1105 2991 1164 3052 332)
1184 2991 1274 3040 should
1294 2994 1364 3042 work

790 3073 857 3121 upon
877 3058 919 3106 the
939 3058 1048 3120 leelings.
1081 3057 1137 3106 The
1156 3058 1260 3120 reading
1277 3058 1306 3106 os
1322 3060 1364 3108 the

790 3124 844 3170 best
864 3122 935 3172 MSS.
950 3132 1085 3184 permovere
1109 3129 1199 3170 cannot
1221 3123 1253 3172 be
1275 3126 1362 3184 sound,

790 3189 839 3236 and
851 3189 872 3236 is
884 3188 1008 3252 probably
1016 3186 1064 3235 due
1075 3194 1102 3236 to
1112 3203 1127 3235 a
1139 3188 1237 3251 copyist
1245 3189 1302 3236 who
1313 3190 1363 3238 had

790 3253 832 3300 the
849 3253 982 3317 preceding
994 3255 1116 3301 movendus
1130 3252 1181 3300 still
1193 3253 1218 3301 in
1233 3253 1272 3302 his
1286 3255 1362 3308 mind.

790 3317 1364 3394 Theordinaryreadingpermanore(appearing

789 3391 899 3512 {limi}
914 3383 1364 3512 llnssslclsssiffi'illhl‘ilil'll
1399 3469 1401 3472 -

789 3513 846 3570 this,
859 3513 906 3562 and
923 3513 992 3577 gives
1007 3529 1023 3561 a
1037 3528 1095 3577 very
1106 3514 1221 3562 doubtful
1238 3523 1362 3564 construc-

789 3579 855 3627 tion:
872 3579 894 3626 if
903 3579 922 3627 it
934 3579 955 3628 is
967 3578 1084 3634 retained,
1097 3579 1117 3626 it
1128 3578 1180 3627 will
1192 3579 1223 3628 be
1235 3595 1362 3644 necessary

788 3651 814 3692 at
826 3644 887 3692 least
900 3652 928 3693 to
939 3644 998 3692 read
1005 3647 1082 3706 possit,
1095 3644 1150 3692 that
1161 3646 1195 3692 vis
1210 3661 1268 3709 may
1279 3646 1310 3694 be
1320 3646 1363 3694 the

788 3709 891 3772 subject.
936 3709 984 3757 But
1006 3709 1084 3757 under
1105 3710 1147 3757 the
1173 3709 1362 3760 circumstances

788 3773 882 3824 Sorol's
891 3773 1028 3836 conjecture
1035 3776 1149 3836 pertinere
1158 3775 1178 3822 is
1186 3783 1230 3824 not
1240 3783 1283 3824 too
1293 3776 1361 3834 bold,

787 3840 836 3887 and
853 3847 879 3888 at
896 3855 957 3888 once
974 3855 1042 3889 cures
1058 3840 1099 3888 the
1114 3855 1239 3902 grammar
1253 3841 1302 3890 and
1318 3842 1362 3891 the

786 3920 868 3954 sense:
885 3905 955 3954 ‘that
964 3905 1022 3968 they
1030 3921 1088 3968 may
1097 3903 1159 3953 have
1168 3906 1232 3955 their
1243 3907 1362 3957 influence

786 3971 812 4018 iu
828 3971 930 4034 moving
947 3970 989 4019 the
1003 3971 1121 4033 seelings,'
1138 3978 1184 4020 etc,
1208 3972 1254 4035 Cp.
1269 3972 1300 4020 de
1312 3972 1360 4022 on.

785 4036 810 4084 ii.
824 4049 847 4098 3.
860 4049 886 4084 11
898 4044 974 4101 ‘quae
983 4036 1016 4084 ad
1023 4037 1099 4084 vitam
1106 4035 1235 4085 hominum
1245 4038 1361 4087 tuendam

784 4101 923 4165 pertinent.'

784 4170 1080 4282 ,stilistas
1095 4166 1266 4282 thalli
1281 4170 1359 4282 tlt:

785 4298 840 4346 Nor
860 4297 881 4346 is
898 4298 1190 4359 partibur=‘divisions,'
1209 4299 1253 4346 but
1276 4297 1359 4347 rather

784 4361 926 4428 ‘portions'
962 4364 1024 4411 ‘But
1043 4363 1139 4426 though
1158 4363 1228 4412 those
1245 4363 1358 4426 portions

784 4429 813 4477 ol
831 4445 847 4477 a
863 4428 970 4492 speech.
984 4465 1008 4478 ..
1021 4427 1071 4475 find
1089 4427 1153 4476 their
1169 4436 1235 4476 most
1252 4427 1358 4478 suitable

784 4493 856 4558 place
867 4494 892 4542 in
901 4493 943 4542 the
951 4494 1080 4543 exordium
1088 4493 1137 4541 and
1148 4493 1190 4542 the
1198 4494 1348 4557 peroration,

784 4565 831 4608 etc.

818 4636 855 4674 21.
873 4637 945 4685 agas,
959 4631 1014 4674 'are
1025 4623 1126 4688 dealing
1137 4623 1215 4673 wilh:
1287 4647 1291 4658 =
