3286 5036
593 411 647 476 M.
676 411 848 476 TULLII
870 410 1134 479 CICERONIS

262 433 327 500 344

265 604 435 668 firmandis
451 604 571 667 nostris
587 603 684 666 rebus
703 611 823 683 potest,
838 602 949 666 omnia
965 601 998 664 in
1014 602 1106 664 illum
1123 602 1189 664 tela
1205 602 1390 680 conferam3
1414 601 1467 664 sin

265 719 376 772 nostra
407 708 537 790 probari
567 707 703 784 facilius,
734 726 834 789 quam
860 706 916 768 illa
943 706 1094 789 redargui
1125 715 1271 788 possunt,
1302 707 1468 770 abducere

264 813 393 875 animos
420 833 440 875 a
466 813 628 875 contraria
654 809 845 874 defensione
867 818 901 873 et
923 810 966 872 ad
991 818 1137 873 nostram
1165 831 1265 873 conor
1290 812 1467 874 deducere.

266 915 344 978 Duo
370 916 512 997 denique
535 914 599 991 illa,
622 935 707 995 quae
730 913 885 977 facillima
910 915 1071 988 videntur,
1092 915 1249 995 quoniam
1272 934 1357 994 quae
1379 913 1466 977 diffi-
1481 919 1544 966 294

236 1019 375 1090 5ciliora
398 1028 483 1096 sunt,
507 1039 572 1081 non
598 1038 741 1099 possum,
768 1016 848 1080 mihi
873 1038 933 1098 pro
956 1037 1031 1080 meo
1054 1018 1121 1080 iure
1145 1037 1259 1080 sumo:
1293 1037 1404 1094 unum,
1427 1025 1466 1080 ut

266 1122 406 1187 molesto
429 1132 488 1186 aut
511 1121 634 1186 difficili
657 1131 853 1202 argumento
868 1131 926 1184 aut
948 1121 1021 1184 loco
1040 1141 1107 1183 non
1126 1141 1307 1203 numquam
1330 1122 1467 1184 omnino

265 1226 346 1290 nihil
369 1226 596 1309 respondeam,
614 1227 703 1306 quod
720 1225 855 1287 forsitan
873 1225 991 1306 aliquis
1014 1225 1083 1288 iure
1106 1226 1265 1301 inriserit;
1288 1226 1361 1306 quis
1376 1226 1467 1287 enim

266 1341 326 1408 est,
341 1332 397 1412 qui
414 1331 447 1393 id
462 1329 570 1393 facere
594 1350 659 1392 non
676 1326 802 1410 possit?
848 1327 916 1392 Sed
933 1337 1046 1392 tamen
1062 1349 1124 1410 ego
1140 1330 1182 1391 de
1199 1350 1272 1391 mea
1289 1348 1382 1406 nunc,
1399 1349 1467 1390 non

266 1436 309 1498 de
324 1435 463 1497 aliorum
480 1433 637 1496 facultate
655 1434 788 1514 disputo
805 1433 1030 1514 confiteorque
1046 1453 1107 1506 me,
1124 1433 1151 1494 si
1167 1453 1251 1514 quae
1268 1440 1395 1513 premat
1415 1451 1467 1494 res

223 1563 253 1598 10
266 1536 501 1620 vehementius,
518 1539 563 1600 ita
579 1538 694 1600 cedere
709 1537 822 1614 solere,
838 1547 875 1600 ut
896 1528 963 1600 non
984 1539 1084 1600 modo
1105 1557 1170 1599 non
1191 1536 1328 1613 abiect0,
1344 1537 1402 1598 sed
1424 1556 1469 1597 ne

267 1643 388 1705 reiecto
410 1641 545 1722 quidem
568 1650 661 1704 scuto
688 1640 800 1722 fugere
822 1642 943 1717 videar,
969 1642 1027 1704 sed
1054 1639 1211 1704 adhibere
1237 1642 1404 1722 quandam
1432 1640 1468 1701 in

267 1745 408 1809 dicendo
424 1745 568 1826 speciem
589 1753 689 1826 atque
705 1765 862 1826 pompam
879 1754 913 1809 et
929 1765 1060 1827 pugnae
1075 1744 1216 1808 similem
1233 1744 1345 1826 fugam
1359 1765 1365 1822 ;
1388 1763 1468 1806 con-

266 1852 381 1914 sistere
396 1871 472 1913 vero
489 1850 522 1911 in
539 1869 613 1912 meo
630 1851 794 1931 praesidio
810 1851 864 1927 sic,
880 1858 917 1912 ut
933 1869 999 1912 non
1015 1849 1161 1931 fugiendi
1177 1847 1290 1925 hostis,
1303 1848 1360 1909 sed
1378 1847 1468 1926 capi-

267 1956 343 2018 endi
356 1954 419 2017 loci
432 1974 530 2017 causa
541 1955 676 2016 cessisse
685 1954 813 2031 videar3
829 1954 970 2016 alterum
983 1962 1032 2016 est
1045 1952 1135 2030 illud,
1145 1953 1234 2034 quod
1246 1973 1307 2032 ego
1319 1953 1468 2014 maxime
1482 1962 1542 2008 295

223 2086 252 2134 15
267 2057 389 2121 oratori
411 2058 594 2120 cavendum
618 2065 652 2120 et
675 2057 915 2137 providendum
935 2065 1017 2138 puto
1033 2058 1191 2138 quodque
1215 2077 1267 2118 me
1291 2057 1468 2121 sollicitare

267 2146 396 2226 summe
415 2160 518 2224 solet:
544 2169 699 2223 nontam
723 2169 760 2222 ut
783 2161 905 2242 prosim
927 2160 1042 2234 causis,
1059 2160 1226 2223 elaborare
1249 2160 1349 2238 solen,
1365 2181 1467 2241 quam

267 2277 303 2330 ut
321 2286 362 2328 ne
377 2265 457 2346 quid
474 2263 580 2327 obsim
595 2289 603 2340 ;
627 2284 693 2326 non
709 2264 788 2345 quin
803 2265 996 2327 enitendum
1012 2264 1054 2327 sit
1070 2264 1103 2326 in
1118 2273 1267 2346 utroque,
1280 2265 1337 2326 sed
1353 2274 1467 2328 tamen

267 2368 374 2432 multo
396 2378 446 2432 est
467 2369 594 2449 turpius
610 2369 730 2446 oratori
754 2369 904 2432 nocuisse
919 2369 1021 2432 videri
1043 2388 1161 2432 causae
1181 2389 1282 2451 quam
1305 2389 1369 2431 non
1391 2389 1467 2450 pro-

266 2473 376 2536 fuisse.
409 2471 476 2536 Sed
489 2472 569 2553 quid
585 2470 647 2535 hoc
664 2472 736 2534 loco
751 2493 810 2535 vos
826 2473 912 2535 inter
926 2493 993 2546 vos,
1009 2471 1149 2536 Catule?
1173 2493 1215 2535 an
1231 2472 1321 2550 haec,
1338 2482 1374 2536 ut
1390 2481 1467 2536 sunt
1482 2476 1535 2544 73

224 2611 255 2644 20
268 2576 519 2650 contemnenda,
537 2573 785 2638 contemnitis?’
810 2576 981 2654 ‘minime'
996 2576 1103 2658 inquit
1119 2576 1174 2639 ille
1191 2578 1267 2640 ‘sed
1285 2576 1407 2640 Caesar
1424 2578 1468 2639 de

268 2681 331 2743 isto
357 2681 428 2762 ipso
454 2680 613 2760 quiddam
637 2678 721 2742 velle
743 2679 851 2743 dicere
877 2675 1071 2744 videbatur.’
1117 2681 1196 2744 ‘Me
1220 2701 1296 2744 vero
1323 2676 1468 2744 libente'

268 2784 373 2866 inquit
395 2782 564 2847 Antonius
591 2783 732 2846 ‘dixerit
759 2785 828 2846 sive
854 2784 1023 2848 refellendi
1046 2805 1145 2848 causa
1172 2785 1240 2847 sive
1267 2780 1468 2867 quaerendi.’

268 2887 358 2950 Tum
379 2888 481 2951 Iulius
505 2890 587 2969 ‘ego
611 2886 817 2966 mehercule,'
839 2889 945 2972 inquit
962 2889 1118 2967 ‘Antoni
1141 2909 1272 2970 semper
1290 2890 1317 2951 is
1340 2889 1394 2965 fui,
1411 2888 1467 2970 qui
1482 2897 1541 2942 296

301 3051 324 3098 3.
342 3038 454 3086 deducere
462 3037 487 3084 K
499 3053 555 3086 cum
567 3037 640 3086 codd.
652 3044 714 3088 mut.
727 3042 849 3087 traducere
860 3038 906 3088 Ps.
1015 3053 1039 3104 9.
1055 3056 1113 3103 quae
1125 3039 1192 3101 Aby,
1204 3045 1250 3088 etc.
1263 3038 1287 3088 S.
1320 3055 1368 3103 qua
1380 3039 1435 3089 KP.

301 3182 324 3218 2.
341 3169 409 3216 illa:
439 3166 499 3216 ‘the
522 3173 662 3230 arguments
685 3169 715 3216 of
733 3185 775 3232 my
798 3185 842 3233 op·

267 3230 376 3298 ponent.¹

302 3313 324 3358 5.
341 3312 392 3354 pro
404 3312 466 3347 meo
478 3301 546 3356 iure,
559 3301 604 3346 ‘as
616 3298 711 3362 though
730 3299 791 3363 fully
802 3315 841 3347 en·

267 3362 339 3411 titled
356 3370 383 3411 to
400 3364 433 3412 do
450 3379 478 3412 so
490 3363 512 3412 :'
530 3379 568 3427 cp.
587 3367 647 3412 ‘suo
664 3363 730 3413 iure’
741 3367 780 3427 (as
792 3365 841 3414 Ell.

230 3469 231 3472 ,
266 3429 348 3488 reads)
360 3429 387 3476 in
399 3429 415 3478 i.
431 3444 466 3477 ιο.
481 3429 571 3492 4z;de
583 3429 638 3478 Fin.
650 3445 673 3477 v.
688 3443 709 3476 2.
721 3447 744 3488 4.

301 3493 325 3543 6.
342 3497 408 3554 loeo,
423 3493 487 3544 ‘line
498 3494 527 3543 of
535 3494 634 3543 defence
647 3495 685 3554 (or
695 3494 809 3554 attack).'

302 3570 324 3622 7.
341 3563 476 3609 irriserit:
493 3560 553 3624 perf.
562 3559 624 3622 subj.
637 3560 718 3623 Roby,
734 3565 746 3619 §
762 3558 840 3620 1766:

267 3642 306 3690 cp.
323 3626 354 3674 de
373 3625 421 3675 Off.
439 3626 473 3674 iii.
492 3625 514 3674 6.
535 3641 564 3690 29
583 3625 699 3674 ‘forsitan
716 3626 842 3691 quispiam

267 3690 392 3742 dixerit:'
422 3707 455 3740 on
477 3691 519 3740 the
542 3690 613 3740 other
634 3691 702 3740 hand
725 3693 749 3740 in
773 3697 786 3751 ξ
809 3708 841 3754 99

269 3757 365 3806 ‘riserit
388 3756 493 3806 fortasse
519 3756 624 3821 aliquis'
649 3773 687 3806 we
712 3757 776 3806 have
799 3758 842 3808 the

268 3822 313 3872 fut.
339 3823 400 3886 perf.
424 3822 475 3873 ind.
512 3823 559 3887 Cp.
585 3823 667 3887 Roby,
690 3824 739 3872 vol.
763 3823 788 3872 ii.
816 3840 841 3887 p.

268 3902 372 3937 crv-cvl.

303 3967 340 4002 10.
353 3957 450 4002 cedere
460 3969 465 4000 :
477 3954 537 4002 Tac.
548 3953 632 4001 Germ.
645 3953 660 4002 6
671 3955 769 4004 ‘cedere
776 3954 840 4015 loco,

267 4018 403 4067 dummodo
431 4034 511 4066 rursus
538 4020 620 4077 instes,
645 4020 743 4068 consilii
766 4037 842 4084 quam

267 4084 406 4133 formidinis
422 4085 587 4134 arbitrantur!
818 4096 824 4102 “

300 4153 429 4198 abieoto.
453 4185 458 4195 .
480 4187 486 4198 .
506 4186 512 4198 .
532 4154 645 4201 reiecto,
690 4150 730 4199 To
762 4151 842 4199 throw

267 4231 338 4278 away
349 4214 392 4262 the
404 4213 482 4262 shield
494 4214 634 4276 altogether
645 4231 696 4264 was
708 4233 723 4264 a
734 4216 806 4265 mark
818 4217 848 4266 of

267 4287 337 4344 great
366 4280 521 4330 cowardice:
549 4281 626 4330 hence
649 4280 760 4343 ῥίψασπις
782 4282 803 4330 is
827 4298 842 4331 a

267 4362 382 4395 common
395 4353 457 4394 term
474 4345 504 4395 of
515 4347 591 4396 ahuse
608 4349 633 4396 in
649 4347 842 4410 Aristophanes:

268 4428 307 4476 cp.
320 4412 373 4461 also
386 4411 428 4461 the
439 4421 630 4462 commentators
638 4429 670 4462 on
681 4413 744 4463 Hor.
757 4413 805 4462 Od.
816 4413 841 4462 ii.

271 4489 291 4538 7.
318 4491 347 4525 1ο
371 4478 475 4528 ‘relicta
496 4494 545 4528 non
568 4480 630 4528 bene
650 4478 776 4544 parmula?
794 4479 842 4527 and

268 4543 328 4591 Tac.
344 4543 427 4592 Germ.
446 4544 461 4592 6
480 4547 592 4594 ‘scutum
609 4545 734 4609 reliquisse
751 4544 843 4608 praeci·

269 4623 345 4673 puum
357 4609 495 4674 flagitium!
529 4611 558 4659 In
575 4627 590 4660 a
608 4617 696 4662 retreat
709 4611 751 4662 the
762 4610 843 4660 shield

893 3168 977 3217 would
988 3169 1020 3217 be
1032 3168 1104 3232 slung
1115 3168 1214 3227 behind,
1225 3183 1253 3216 so
1265 3184 1292 3216 as
1303 3175 1330 3216 to
1342 3184 1414 3216 cover
1426 3169 1469 3218 the

892 3234 966 3294 back,
987 3235 1036 3282 aud
1054 3240 1149 3299 protect
1169 3235 1189 3282 it
1209 3234 1272 3283 from
1292 3233 1334 3282 the
1346 3233 1468 3297 pursuers’

893 3301 1007 3349 missiles.
1048 3301 1136 3349 Hence
1154 3309 1243 3348 scutum
1262 3302 1346 3348 reicere
1360 3323 1381 3340 =
1399 3307 1468 3364 terge

892 3377 986 3415 verrere.
1360 3405 1361 3408 ,

920 3445 957 3480 12.
970 3433 1100 3489 speeiem,
1110 3430 1223 3495 ‘display
1234 3427 1415 3490 :³pompum,§
1426 3445 1466 3493 94.

894 3501 1013 3546 alterum
1030 3502 1074 3545 eet
1097 3496 1160 3545 after
1177 3515 1249 3544 unum
1266 3499 1340 3557 (acc.)
1358 3497 1418 3546 with
1436 3512 1469 3546 an

894 3562 1029 3624 asyndeton
1041 3577 1098 3623 very
1107 3578 1221 3610 common
1231 3563 1256 3610 in
1269 3563 1370 3618 Cicero:
1385 3569 1397 3622 5
1412 3561 1466 3622 116,

894 3631 1046 3676 consistere
1071 3634 1111 3675 ‘to
1133 3626 1191 3676 take
1213 3644 1247 3692 up
1274 3645 1321 3692 any
1343 3627 1468 3693 position,'

894 3693 1038 3756 continuing
1049 3692 1091 3741 the
1102 3692 1210 3756 military
1222 3694 1360 3757 metaphor.

930 3768 967 3820 17.
985 3774 1042 3807 non
1054 3761 1140 3815 quin:
1160 3759 1241 3821 Roby,
1252 3764 1265 3817 §
1278 3770 1348 3820 1744.
1367 3760 1466 3824 CpEp.

895 3825 965 3873 Fam.
984 3825 1015 3874 iv.
1030 3835 1050 3884 7.
1066 3837 1076 3871 1
1092 3823 1161 3872 ‘Etsi
1178 3840 1208 3872 eo
1225 3830 1249 3872 te
1267 3823 1348 3872 adhuc
1365 3825 1468 3873 consilio

894 3905 965 3938 usum
985 3888 1111 3952 intellego,
1131 3896 1159 3937 ut
1181 3889 1207 3937 id
1229 3888 1403 3952 reprehendere
1419 3905 1469 3937 non

895 3955 1008 4010 audeam,
1019 3970 1069 4002 non
1081 3955 1138 4017 quin
1156 3956 1189 4002 ab
1206 3970 1236 4002 eo
1252 3955 1305 4018 ipse
1317 3955 1468 4010 dissentiam,

895 4021 938 4068 sed
949 4021 1016 4084 quod
1027 4036 1056 4068 ea
1074 4025 1098 4068 te
1116 4019 1236 4084 sapientia
1251 4036 1303 4069 esse
1315 4021 1428 4079 iudicem,
1442 4025 1470 4068 ut

895 4101 977 4134 meum
990 4086 1119 4134 consilium
1132 4101 1180 4133 uon
1189 4095 1338 4148 anteponam
1350 4086 1408 4144 tu0,'
1421 4093 1469 4134 etc.

896 4151 996 4201 Instead
1008 4150 1037 4200 of
1047 4151 1190 4214 continuing
1206 4152 1265 4200 here
1277 4152 1338 4199 with
1349 4153 1388 4198 sed
1397 4152 1468 4214 qnod,

895 4217 983 4266 Cicero
994 4231 1054 4280 goes
1066 4216 1102 4264 off
1115 4217 1168 4265 into
1187 4233 1218 4264 an
1235 4217 1398 4280 independent
1415 4231 1469 4264 sen·

894 4288 979 4331 tence:
997 4298 1036 4346 cp.
1049 4285 1154 4331 ‘conor’
1172 4283 1196 4331 in
1210 4288 1222 4342 ς
1238 4297 1292 4346 293,
1306 4283 1355 4330 and
1365 4290 1423 4330 note
1436 4297 1469 4330 on

920 4365 966 4463 422.
985 4415 1105 4462 dixerit:
1124 4412 1169 4462 fut.
1188 4411 1250 4476 perf.
1273 4411 1323 4462 ind.
1347 4412 1428 4476 Roby,
1455 4417 1468 4474 5

896 4481 958 4543 1485
982 4481 1028 4539 (a).
1062 4482 1087 4527 is
1109 4481 1152 4526 fui
1174 4482 1239 4535 qui:
1268 4495 1283 4526 a
1306 4478 1470 4542 periphrastic

893 4546 1036 4609 expression
1058 4551 1085 4592 to
1107 4544 1163 4608 give
1189 4544 1348 4607 prominence
1371 4550 1399 4592 to
1426 4544 1470 4594 the

893 4609 1035 4674 predicate:
1053 4626 1092 4676 cp.
1104 4625 1157 4659 eruc
1170 4609 1196 4658 in
1208 4609 1318 4667 Kiihner‚
1332 4610 1357 4660 ii.
1370 4609 1428 4672 855.
