3310 5040
518 436 522 443 “
583 433 655 498 DE
679 433 912 500 ORATORE
934 435 985 499 Il.
1039 437 1043 442 '
1323 450 1385 523 273

187 629 219 686 et
248 620 362 704 procul
397 621 477 705 quid
514 630 684 686 narrarent
720 622 902 688 attendere.
947 624 1066 706 Itaque
1094 623 1167 701 feci,
1192 623 1321 701 Catule,
1352 635 1387 690 et

122 723 173 791 37
186 729 324 790 istorum
335 728 482 790 omnium
495 727 686 789 summatim
698 746 813 790 causas
825 735 859 790 et
870 748 992 810 genera
1003 729 1074 810 ipsa
1085 726 1235 812 gustavi?
1262 729 1386 793 ‘Valde

118 807 173 855 1⁵4
186 827 336 893 hercule’
366 830 472 912 inquit
497 829 636 895 Catulus
655 833 666 860 ·‘
676 829 793 894 timide
812 840 985 913 tamquam
1012 834 1056 896 ad
1074 833 1219 915 aliquem
1242 833 1386 897 libidinis

186 934 357 1019 scopulum
387 936 434 998 sic
460 943 552 998 tuam
577 943 723 997 mentem
747 934 791 996 ad
821 933 1064 1017 philosophiam
1094 935 1258 1018 appulisti,
1284 957 1386 1018 quam

185 1039 268 1102 haec
290 1039 405 1102 civitas
427 1046 602 1120 aspernata
625 1057 806 1118 numquam
830 1046 899 1116 est;
924 1058 1001 1101 nam
1022 1049 1056 1103 et
1076 1039 1194 1102 referta
1216 1041 1414 1122 quondam5

187 1144 284 1206 ltalia
308 1142 590 1225 Pythagoreorum
616 1140 677 1204 fuit
700 1150 781 1218 tum,
804 1161 879 1204 cum
906 1152 977 1206 erat
998 1142 1032 1206 in
1054 1141 1116 1207 hac
1142 1152 1242 1225 gente
1266 1164 1385 1226 magna

186 1248 242 1312 illa
265 1247 421 1326 Graecia3
445 1268 489 1310 ex
511 1267 578 1328 quo
600 1247 700 1309 etiam
724 1246 859 1328 quidam
880 1247 1028 1310 Numam
1044 1247 1251 1330 Pompilium,
1272 1270 1385 1331 regem

186 1360 344 1428 nostrum,
371 1351 470 1414 fuisse
497 1349 744 1434 Pythagoreum
768 1349 884 1428 ferunt,
909 1353 965 1433 qui
991 1353 1086 1416 annis
1112 1361 1191 1416 ante
1214 1352 1386 1433 permultis

184 1455 246 1520 fuit
269 1476 370 1538 quam
393 1455 463 1537 ipse
479 1453 704 1537 Pythagoras3
728 1473 794 1535 quo
819 1456 920 1518 etiam
943 1455 1048 1519 maior
1061 1457 1110 1518 vir
1131 1453 1303 1520 habendus
1327 1465 1385 1533 est,

186 1559 275 1642 quod
291 1559 382 1623 illam
398 1559 592 1642 sapientiam
613 1557 864 1622 constituendae
879 1559 1021 1623 civitatis
1042 1559 1171 1623 duobus
1192 1579 1295 1643 prope
1314 1574 1432 1623 sae-10

313 1709 351 1743 ro.
368 1697 430 1761 quod
440 1693 544 1745 correxit
555 1695 579 1745 S.
612 1711 664 1744 cum
675 1692 747 1745 codd.
780 1711 832 1743 cum
845 1731 851 1745 .
864 1729 871 1745 .
883 1730 890 1745 .
901 1697 1008 1760 cognorit
1018 1695 1089 1744 PAd.
1102 1695 1234 1746 Henrichs.

221 1827 243 1861 a.
268 1826 375 1869 causas,
399 1809 536 1875 ‘subjecte’
553 1810 582 1860 of
604 1810 761 1861 discussion:
845 1814 967 1872 quidam,
980 1817 1027 1862 etc.
1062 1812 1110 1876 Cp.
1122 1811 1195 1860 Tusc.
1208 1812 1240 1862 iv.
1254 1827 1275 1861 r.
1290 1826 1302 1859 2
1316 1812 1386 1876 ‘quis

186 1892 290 1936 senar-a
299 1881 369 1934 ipsa,
383 1878 465 1926 ‘main
477 1877 577 1942 points!
811 1877 877 1925 enim
888 1884 926 1926 est
940 1877 983 1940 qui
999 1883 1076 1940 putet,
1088 1893 1145 1926 cum
1159 1877 1256 1926 floreret
1273 1877 1299 1926 in
1311 1878 1387 1926 Italia

166 1961 170 1968 *
221 1957 243 2004 3.
268 1950 412 2000 tamquam
429 1947 465 1991 ad
488 1946 610 2000 aliquem
631 1944 760 1991 libidinis
812 1941 919 1991 Graecia
927 1943 1105 2006 potentissimis
1113 1949 1137 1990 et
1150 1943 1265 1992 maximis
1275 1943 1386 2000 urbibus,

187 2012 397 2066 scopulum,·as
413 2007 510 2072 though
527 2015 554 2056 to
569 2022 639 2056 some
656 2007 716 2056 rock
733 2014 761 2056 to
811 2022 841 2056 ea
870 2022 934 2071 quae
961 2005 1052 2071 m'agua
1080 2006 1148 2057 dicta
1173 2015 1218 2067 est,
1248 2008 1274 2056 in
1301 2009 1387 2072 eisque

186 2074 269 2123 which
282 2074 394 2138 pieasure
405 2073 488 2122 would
500 2073 568 2122 draw
579 2073 644 2137 γοιι,ν
656 2072 717 2121 with
728 2089 760 2121 au
811 2072 919 2136 primum
932 2072 1010 2136 ipsius
1021 2072 1185 2136 Pythagorae,
1197 2073 1285 2122 deinde
1299 2081 1387 2137 postea

186 2140 284 2190 evident
300 2139 419 2188 reference
436 2145 464 2186 to
478 2138 520 2186 the
534 2139 674 2201 dangerous
691 2143 761 2186 coast
811 2137 1022 2202 Pythagoreorum
1034 2145 1131 2187 tautum
1142 2154 1232 2187 nomen
1248 2145 1319 2194 esset,
1330 2154 1386 2188 nos·

186 2221 218 2254 on
235 2212 263 2255 to
279 2204 361 2253 which
372 2218 493 2267 voyagers
509 2219 572 2252 were
590 2204 710 2252 attracted
727 2203 761 2266 by
811 2206 904 2251 trorum
924 2203 1053 2251 hominum
1076 2203 1108 2252 ad
1126 2219 1211 2252 eorum
1231 2203 1386 2252 doctissimas

185 2270 229 2319 the
239 2286 303 2334 song
314 2269 343 2319 of
351 2269 393 2318 the
408 2268 497 2318 Sirens.
531 2269 585 2318 The
596 2268 728 2332 metaphor
739 2273 760 2316 is
811 2283 884 2316 voces
904 2267 971 2316 auris
990 2269 1087 2317 clausas
1107 2269 1197 2318 fuisse?
1226 2268 1386 2332 Quinetiam

185 2352 243 2400 very
265 2350 380 2384 common
406 2335 431 2382 in
456 2334 552 2393 Cicero,
576 2334 625 2383 aud
649 2335 671 2382 is
694 2349 761 2382 oom-
811 2333 917 2382 arbitror
933 2341 1035 2398 propter
1052 2334 1263 2398 Pythagoreorum
1280 2335 1386 2396 admira-

185 2401 290 2450 mended
302 2403 333 2463 by
342 2400 395 2448 him
404 2399 429 2448 in
438 2399 472 2448 iii.
482 2414 521 2461 41.
534 2398 578 2460 163
588 2414 615 2447 as
624 2398 761 2463 preferable
810 2399 904 2447 tionem
926 2399 1038 2448 Numam
1065 2414 1163 2463 quoque
1187 2415 1269 2464 regern
1294 2399 1386 2463 Pytha·

185 2473 212 2516 to
225 2467 332 2530 ‘Syrtis'
367 2466 482 2515 Icanuot
494 2465 566 2513 think
582 2465 638 2514 that
655 2464 723 2514 there
739 2464 760 2514 is
809 2465 1301 2529 goreurnaposterioribusexistimatum.
1318 2466 1387 2514 Nam

185 2547 233 2596 any
253 2533 381 2587 reference,
400 2546 428 2579 as
452 2531 507 2581 Pid.
527 2545 654 2594 supposes,
673 2537 700 2578 to
717 2529 759 2578 the
811 2544 868 2578 cum
883 2530 1039 2594 Pythagorae
1057 2530 1215 2594 disciplinam
1232 2538 1257 2579 et
1274 2530 1387 2580 instituta

185 2599 240 2646 trial
262 2597 291 2647 of
305 2596 429 2646 Antonius
449 2595 532 2645 before
549 2595 578 2646 L.
595 2595 697 2644 Cassius
717 2595 760 2645 the
810 2603 986 2658 cognoscerent
997 2595 1109 2659 regisque
1125 2596 1177 2645 eius
1194 2595 1343 2660 aequitatem
1361 2601 1387 2644 et

185 2667 291 2726 scopulus
312 2679 412 2721 reorum,
435 2661 564 2712 described
591 2661 625 2725 by
645 2661 760 2710 Valerius
811 2660 959 2725 sapientiam
977 2677 992 2710 a
1008 2661 1143 2710 maioribus
1157 2662 1207 2711 suis
1227 2661 1388 2726 accepissent,

187 2729 321 2785 Maximus,
333 2727 368 2778 iii.
382 2739 403 2790 7.
416 2742 439 2792 9.
812 2733 907 2775 aetates
938 2733 1023 2776 autem
1053 2733 1078 2775 et
1106 2733 1220 2791 tempora
1248 2726 1389 2790 ignorarent

218 2812 242 2858 4.
260 2797 402 2852 appulisti,
422 2792 447 2841 in
466 2792 555 2844 Cicero
575 2793 637 2856 only
653 2791 715 2842 used
734 2791 764 2841 of
811 2798 914 2856 propter
932 2798 1094 2848 vetustatem
1123 2807 1180 2841 eum
1205 2793 1249 2856 qui
1267 2791 1390 2856 sapientia

187 2859 301 2924 bringing
323 2876 338 2909 a
358 2860 415 2924 ship
435 2864 462 2906 to
480 2859 548 2917 land,
566 2859 642 2924 keeps
661 2874 696 2923 up
718 2857 762 2906 the
812 2857 950 2914 excelleret,
972 2857 1129 2921 Pythagorae
1150 2857 1289 2906 auditorem
1312 2857 1390 2906 credi-

185 2924 358 2990 metaphorof
371 2925 501 2986 scopulum:
519 2940 558 2990 cp.
571 2925 674 2973 inRab.
691 2923 762 2972 Perd.
812 2922 899 2971 derunt
911 2923 1000 2972 ruisse!
1036 2922 1216 2972 Daviesinhis
1230 2930 1290 2971 note
1301 2932 1389 2986 quotes

186 3006 209 3054 9.
223 3005 252 3053 2⁵
271 2994 330 3039 ‘uec
345 2997 400 3038 tuas
417 3006 527 3074 unquam
543 2989 652 3039 rationes
669 2988 702 3037 ad
719 3003 762 3038 eos
812 3003 887 3050 many
898 2989 971 3037 other
981 2986 1126 3037 authorities
1135 2988 1173 3036 sor
1181 2988 1231 3036 this
1242 2988 1319 3037 view:
1336 3003 1388 3051 eg.

186 3135 381 3234 inhabiilairidldl
389 3185 431 3234 the
440 3134 577 3250 impditarii
589 3133 763 3233 Ereeffownss
814 3130 1169 3231 ‘a'ucto'redlrl'doi’trina’eeeius
1186 3132 1389 3246 (Numddhlqulia

186 3251 211 3299 iu
222 3251 344 3300 Southem
356 3250 436 3314 Italy:
454 3267 494 3316 cp.
506 3248 575 3299 Lael.
585 3266 609 3314 4.
622 3262 651 3310 13
664 3255 762 3298 ‘eorum
812 3263 861 3296 non
872 3255 940 3296 extat
948 3248 1019 3303 alius,
1030 3247 1093 3297 falso
1101 3248 1213 3296 Samium
1222 3249 1389 3310 Pythagoram

186 3317 430 3380 (Pythagoreorum),
443 3316 522 3391 quiin
534 3315 583 3365 hac
594 3321 658 3364 terra
667 3314 762 3390 fuerunt
812 3314 897 3370 edunt,
902 3329 975 3377 quem
983 3313 1069 3389 Servio
1077 3313 1162 3362 Tullio
1169 3314 1390 3390 regnanteRomae

185 3380 762 3512 eremiththahitherii?
813 3378 1390 3508 ttittmilttttiaitiitalia

186 3513 265 3577 ceptis
276 3513 326 3562 suis
337 3512 493 3563 erudiemnt.'
522 3512 577 3561 The
589 3511 761 3577 Pythagoreau
813 3525 861 3574 que
878 3517 903 3559 et
919 3510 1053 3559 Crotonem
1072 3510 1188 3558 iuvenum
1208 3510 1389 3558 aemulantium

186 3578 354 3628 brotherhood
365 3594 418 3627 was
428 3579 523 3628 broken
534 3594 568 3642 up
581 3578 630 3627 and
642 3578 674 3626 its
687 3593 761 3626 mem·
812 3576 895 3623 studia
911 3582 997 3624 coetus
1015 3574 1129 3623 habuisse
1151 3574 1265 3623 constat!
1298 3575 1389 3624 Cicero

186 3645 241 3692 bers
260 3643 388 3709 dispersed
411 3647 490 3694 about
512 3659 559 3708 509
575 3658 625 3692 ac.
651 3641 762 3704 (Grote’s
811 3641 906 3689 notices
923 3640 965 3689 the
983 3639 1156 3688 anachronism
1170 3639 1223 3688 also
1241 3640 1266 3688 in
1281 3639 1312 3688 de
1324 3641 1388 3704 Rep.

186 3710 267 3764 Plato,
279 3710 296 3758 i.
305 3712 341 3772 9),
359 3725 431 3758 oras
451 3709 530 3758 Zeiler
548 3723 617 3758 more
636 3707 762 3773 plausibly
812 3705 838 3753 ii.
853 3718 891 3768 15.
906 3706 944 3762 28,
956 3705 1037 3754 where
1054 3704 1174 3752 Manilius
1194 3703 1251 3752 asks
1266 3703 1353 3768 Scipio
1371 3703 1394 3752 if

186 3790 274 3838 argues
294 3775 356 3836 (Die
376 3775 539 3838 Philosophie
561 3774 605 3822 der
630 3773 759 3832 Griechen,
812 3771 833 3818 it
845 3771 866 3818 is
880 3777 933 3820 true
950 3771 1006 3819 that
1021 3770 1106 3818 Numa
1117 3785 1169 3818 was
1180 3785 1195 3818 a
1208 3769 1388 3833 Pythagorean,

185 3839 213 3889 i².
228 3838 447 3902 236-239),ab0ut
459 3839 501 3887 the
512 3839 606 3887 middle
617 3838 646 3886 of
654 3838 696 3887 the
706 3837 761 3886 fifth
812 3836 861 3884 and
885 3835 970 3900 Scipio
998 3835 1095 3900 replies,
1120 3835 1224 3883 ‘falsum
1249 3841 1286 3883 est
1313 3836 1388 3893 enim,

186 3911 287 3968 century
309 3919 355 3954 rac.
389 3904 444 3953 The
471 3904 568 3953 decline
595 3904 625 3951 os
650 3903 761 3967 ‘Magna
812 3900 909 3956 Manili,
922 3902 947 3949 id
959 3908 1047 3956 totum,
1059 3916 1089 3949 ne
1108 3915 1139 3948 ue
1150 3899 1231 3948 solum
1243 3899 1335 3957 fictum,
1345 3900 1389 3949 sed

186 3969 404 4032 Graecia'begins
416 3969 478 4018 with
489 3970 531 4018 the
545 3976 647 4033 capture
659 3968 708 4017 and
719 3969 760 4017 de·
811 3967 888 4015 etiam
897 3966 1009 4032 imperite
1019 3968 1079 4015 absu
1109 3981 1170 4029 eque
1181 3964 1281 4016 fictum.
1294 4002 1300 4014 .
1315 3982 1389 4016 .nam

185 4037 304 4084 struction
315 4035 344 4084 of
352 4035 452 4096 Sybaris
468 4036 501 4098 by
512 4034 554 4084 the
566 4035 724 4084 Crotoniates
735 4033 760 4082 in
811 4038 926 4096 quartum
934 4033 984 4081 iam
993 4047 1084 4080 annum
1092 4038 1208 4094 regnante
1217 4032 1245 4080 L.
1252 4032 1388 4096 Tarquinio

186 4115 248 4166 509:
265 4101 328 4149 from
345 4101 400 4150 that
417 4101 478 4149 time
494 4100 600 4149 forward
617 4100 660 4149 the
677 4099 760 4149 Greek
810 4097 922 4162 Superbo
939 4097 1054 4161 Sybarim
1070 4104 1094 4146 et
1111 4098 1247 4146 Crotonem
1264 4106 1288 4146 et
1304 4098 1328 4146 iu
1345 4113 1388 4146 eas

185 4167 255 4216 cities
266 4182 330 4215 were
338 4167 434 4226 unable,
448 4167 473 4214 in
482 4180 649 4230 consequence
658 4165 688 4214 of
695 4166 760 4214 their
811 4163 902 4213 Italiae
914 4164 991 4228 partis
1000 4162 1156 4226 Pythagoras
1164 4162 1259 4212 venisse
1268 4163 1388 4226 reperitur

183 4232 298 4281 disuniou
315 4234 364 4281 and
376 4232 480 4282 intemal
497 4232 573 4291 feuds,
586 4238 613 4280 to
631 4232 700 4280 resist
717 4230 761 4280 the
812 4265 835 4278 ..
849 4266 855 4278 .
868 4244 898 4278 ex
910 4244 960 4293 quo
972 4229 1082 4291 intellegi
1089 4228 1163 4291 regiis
1172 4228 1242 4276 annis
1248 4228 1387 4276 dinumera·

185 4297 290 4346 assaults
301 4297 331 4346 of
338 4299 381 4347 the
393 4299 475 4347 Oscan
485 4297 534 4346 and
545 4297 672 4347 Sabellian
684 4297 760 4346 tribes
810 4294 842 4343 tis
862 4301 945 4358 potest
964 4309 1029 4343 anno
1046 4294 1095 4343 sere
1114 4293 1248 4343 centesimo
1264 4299 1289 4342 et
1311 4293 1387 4355 quad·

185 4363 284 4426 (Grote,
297 4363 364 4413 Hist.
373 4364 409 4412 iii.
419 4377 465 4426 35²
475 4363 500 4413 ff.
509 4363 549 4412 ed.
560 4362 636 4412 1868:
650 4363 759 4412 Momm·
809 4361 933 4425 ragesimo
955 4367 1013 4424 post
1034 4367 1139 4408 mortem
1161 4358 1259 4406 Numae
1278 4358 1386 4421 primum

183 4445 233 4488 sen,
245 4429 261 4478 i.
277 4430 342 4490 143).
809 4426 910 4474 Italiam
927 4426 1094 4489 Pythagoram
1110 4421 1238 4487 attigisse!
1267 4422 1386 4485 Cp.Nie·

219 4503 240 4555 7.
257 4509 292 4542 ex
303 4508 366 4551 quo,
379 4493 456 4542 ‘from
467 4492 550 4542 which
562 4493 631 4551 fact,'
643 4493 757 4542 ‘hencez’
809 4491 879 4547 buhr,
893 4491 961 4539 Hist.
974 4491 990 4539 i.
1005 4493 1052 4552 238
1064 4489 1082 4538 f.

184 4574 224 4622 cp.
240 4559 314 4607 Tusc.
331 4560 364 4609 D.
374 4576 397 4609 v.
408 4560 431 4610 6.
447 4570 476 4624 17
492 4566 538 4609 ‘ex
554 4575 604 4626 quo
620 4574 665 4608 nec
684 4559 759 4608 timor
844 4571 882 4606 10.
900 4560 994 4612 quod.
1008 4593 1013 4604 .
1028 4592 1033 4603 .
1046 4556 1191 4610 coguovit:
1211 4567 1241 4600 so
1255 4550 1335 4607 Sorof,
1347 4551 1387 4601 for

184 4640 228 4674 nec
238 4639 316 4688 angor
326 4624 450 4688 attingat:
807 4622 851 4672 the
859 4621 962 4684 reading
968 4620 999 4670 of
1004 4620 1046 4670 the
1055 4618 1126 4669 MSS.
1136 4625 1142 4644 ⁴
1151 4633 1227 4683 quom
1235 4619 1274 4681 (so
1283 4617 1315 4674 Α,
1325 4619 1385 4680 etc.)
