<?xml version="1.0" encoding="UTF-8"?>
<!DOCTYPE html PUBLIC "-//W3C//DTD XHTML 1.0 Transitional//EN"
    "http://www.w3.org/TR/xhtml1/DTD/xhtml1-transitional.dtd">
<html xmlns="http://www.w3.org/1999/xhtml" xml:lang="en" lang="en">
 <head>
  <title>
</title>
<meta http-equiv="Content-Type" content="text/html;charset=utf-8" />
  <meta name='ocr-system' content='tesseract 3.04.00' />
  <meta name='ocr-capabilities' content='ocr_page ocr_carea ocr_par ocr_line ocrx_word'/>
</head>
<body>
  <div class='ocr_page' id='page_1' title='image "./mtulliiciceroni00wilkgoog_0151.png"; bbox 0 0 3286 5036; ppageno 0'>
   <div class='ocr_carea' id='block_1_1' title="bbox 277 425 1147 508">
    <p class='ocr_par' dir='ltr' id='par_1_1' title="bbox 277 425 1147 508">
     <span class='ocr_line' id='line_1_1' title="bbox 277 425 1147 508; baseline -0.002 -14"><span class='ocrx_word' id='word_1_1' title='bbox 277 441 340 508; x_wconf 79' lang='lat'>342</span> <span class='ocrx_word' id='word_1_2' title='bbox 607 427 660 494; x_wconf 89' lang='lat' dir='ltr'>M.</span> <span class='ocrx_word' id='word_1_3' title='bbox 687 425 860 492; x_wconf 86' lang='lat' dir='ltr'><em>TULLII</em></span> <span class='ocrx_word' id='word_1_4' title='bbox 881 425 1147 494; x_wconf 83' lang='lat' dir='ltr'><em>CICERONIS</em></span> 
     </span>
    </p>
   </div>
   <div class='ocr_carea' id='block_1_2' title="bbox 235 613 1609 2462">
    <p class='ocr_par' dir='ltr' id='par_1_2' title="bbox 277 613 1478 1010">
     <span class='ocr_line' id='line_1_2' title="bbox 277 613 1478 694; baseline 0 -17"><span class='ocrx_word' id='word_1_5' title='bbox 277 613 343 677; x_wconf 91' lang='lat' dir='ltr'>alia</span> <span class='ocrx_word' id='word_1_6' title='bbox 361 633 427 677; x_wconf 95' lang='lat' dir='ltr'>non</span> <span class='ocrx_word' id='word_1_7' title='bbox 451 613 549 692; x_wconf 89' lang='lat' dir='ltr'>nulla,</span> <span class='ocrx_word' id='word_1_8' title='bbox 565 614 818 690; x_wconf 84' lang='lat' dir='ltr'>exsecrationes,</span> <span class='ocrx_word' id='word_1_9' title='bbox 833 616 1077 694; x_wconf 81' lang='lat' dir='ltr'>admirationes,</span> <span class='ocrx_word' id='word_1_10' title='bbox 1093 615 1298 694; x_wconf 90' lang='lat' dir='ltr'>minationes,</span> <span class='ocrx_word' id='word_1_11' title='bbox 1315 614 1372 678; x_wconf 91' lang='lat' dir='ltr'>sed</span> <span class='ocrx_word' id='word_1_12' title='bbox 1396 613 1478 677; x_wconf 88' lang='lat' dir='ltr'>haec</span> 
     </span>
     <span class='ocr_line' id='line_1_3' title="bbox 278 717 1477 802; baseline -0.004 -18"><span class='ocrx_word' id='word_1_13' title='bbox 278 719 350 800; x_wconf 88' lang='lat' dir='ltr'>ipsa</span> <span class='ocrx_word' id='word_1_14' title='bbox 375 719 471 783; x_wconf 91' lang='lat' dir='ltr'>nimis</span> <span class='ocrx_word' id='word_1_15' title='bbox 499 719 578 782; x_wconf 92' lang='lat' dir='ltr'>mihi</span> <span class='ocrx_word' id='word_1_16' title='bbox 600 719 713 784; x_wconf 89' lang='lat' dir='ltr'>videor</span> <span class='ocrx_word' id='word_1_17' title='bbox 731 721 764 782; x_wconf 91' lang='lat' dir='ltr'>in</span> <span class='ocrx_word' id='word_1_18' title='bbox 788 720 893 782; x_wconf 92' lang='lat' dir='ltr'>multa</span> <span class='ocrx_word' id='word_1_19' title='bbox 912 740 1033 802; x_wconf 88' lang='lat' dir='ltr'>genera</span> <span class='ocrx_word' id='word_1_20' title='bbox 1057 721 1280 801; x_wconf 91' lang='lat' dir='ltr'>discripsisse;</span> <span class='ocrx_word' id='word_1_21' title='bbox 1311 739 1388 781; x_wconf 89' lang='lat' dir='ltr'>nam</span> <span class='ocrx_word' id='word_1_22' title='bbox 1411 717 1477 792; x_wconf 91' lang='lat' dir='ltr'>illa,</span> 
     </span>
     <span class='ocr_line' id='line_1_4' title="bbox 279 823 1477 904; baseline 0 -20"><span class='ocrx_word' id='word_1_23' title='bbox 279 842 366 904; x_wconf 91' lang='lat' dir='ltr'>quae</span> <span class='ocrx_word' id='word_1_24' title='bbox 380 823 471 887; x_wconf 90' lang='lat' dir='ltr'>verbi</span> <span class='ocrx_word' id='word_1_25' title='bbox 487 825 612 888; x_wconf 88' lang='lat' dir='ltr'>ratione</span> <span class='ocrx_word' id='word_1_26' title='bbox 633 832 666 886; x_wconf 90' lang='lat' dir='ltr'>et</span> <span class='ocrx_word' id='word_1_27' title='bbox 686 825 718 886; x_wconf 90' lang='lat' dir='ltr'>vi</span> <span class='ocrx_word' id='word_1_28' title='bbox 736 825 953 901; x_wconf 90' lang='lat' dir='ltr'>continentur,</span> <span class='ocrx_word' id='word_1_29' title='bbox 970 834 1059 888; x_wconf 88' lang='lat' dir='ltr'>certa</span> <span class='ocrx_word' id='word_1_30' title='bbox 1077 823 1145 886; x_wconf 87' lang='lat' dir='ltr'>sere</span> <span class='ocrx_word' id='word_1_31' title='bbox 1167 844 1207 887; x_wconf 88' lang='lat' dir='ltr'>ac</span> <span class='ocrx_word' id='word_1_32' title='bbox 1229 823 1366 886; x_wconf 88' lang='lat' dir='ltr'>definita</span> <span class='ocrx_word' id='word_1_33' title='bbox 1381 832 1477 898; x_wconf 91' lang='lat' dir='ltr'>sunt;</span> 
     </span>
     <span class='ocr_line' id='line_1_5' title="bbox 280 925 1477 1010; baseline -0.002 -22"><span class='ocrx_word' id='word_1_34' title='bbox 280 947 366 1007; x_wconf 89' lang='lat' dir='ltr'>quae</span> <span class='ocrx_word' id='word_1_35' title='bbox 388 926 589 1010; x_wconf 89' lang='lat' dir='ltr'>plemmque,</span> <span class='ocrx_word' id='word_1_36' title='bbox 605 937 641 989; x_wconf 93' lang='lat' dir='ltr'>ut</span> <span class='ocrx_word' id='word_1_37' title='bbox 656 935 734 990; x_wconf 92' lang='lat' dir='ltr'>ante</span> <span class='ocrx_word' id='word_1_38' title='bbox 750 927 830 1003; x_wconf 85' lang='lat' dir='ltr'>dixi,</span> <span class='ocrx_word' id='word_1_39' title='bbox 846 925 971 990; x_wconf 88' lang='lat' dir='ltr'>laudari</span> <span class='ocrx_word' id='word_1_40' title='bbox 996 929 1101 1008; x_wconf 91' lang='lat' dir='ltr'>magis</span> <span class='ocrx_word' id='word_1_41' title='bbox 1121 947 1222 1009; x_wconf 90' lang='lat' dir='ltr'>quam</span> <span class='ocrx_word' id='word_1_42' title='bbox 1239 928 1335 990; x_wconf 88' lang='lat' dir='ltr'>rideri</span> <span class='ocrx_word' id='word_1_43' title='bbox 1351 925 1477 1001; x_wconf 89' lang='lat' dir='ltr'>solent;</span> 
     </span>
    </p>

    <p class='ocr_par' dir='ltr' id='par_1_3' title="bbox 252 1029 1609 1525">
     <span class='ocr_line' id='line_1_6' title="bbox 252 1029 1608 1113; baseline -0.004 -19"><span class='ocrx_word' id='word_1_44' title='bbox 252 1029 361 1094; x_wconf 81' lang='lat' dir='ltr'>shaec</span> <span class='ocrx_word' id='word_1_45' title='bbox 376 1041 498 1109; x_wconf 89' lang='lat' dir='ltr'>autem,</span> <span class='ocrx_word' id='word_1_46' title='bbox 510 1052 596 1113; x_wconf 89' lang='lat' dir='ltr'>quae</span> <span class='ocrx_word' id='word_1_47' title='bbox 610 1040 687 1094; x_wconf 91' lang='lat' dir='ltr'>sunt</span> <span class='ocrx_word' id='word_1_48' title='bbox 703 1033 737 1094; x_wconf 92' lang='lat' dir='ltr'>in</span> <span class='ocrx_word' id='word_1_49' title='bbox 753 1051 787 1093; x_wconf 93' lang='lat' dir='ltr'>re</span> <span class='ocrx_word' id='word_1_50' title='bbox 803 1040 836 1093; x_wconf 91' lang='lat' dir='ltr'>et</span> <span class='ocrx_word' id='word_1_51' title='bbox 852 1032 924 1112; x_wconf 92' lang='lat' dir='ltr'>ipsa</span> <span class='ocrx_word' id='word_1_52' title='bbox 938 1033 1110 1107; x_wconf 87' lang='lat' dir='ltr'>sententia,</span> <span class='ocrx_word' id='word_1_53' title='bbox 1127 1030 1275 1112; x_wconf 90' lang='lat' dir='ltr'>partibus</span> <span class='ocrx_word' id='word_1_54' title='bbox 1292 1039 1370 1092; x_wconf 91' lang='lat' dir='ltr'>sunt</span> <span class='ocrx_word' id='word_1_55' title='bbox 1385 1031 1477 1092; x_wconf 93' lang='lat' dir='ltr'>innu-</span> <span class='ocrx_word' id='word_1_56' title='bbox 1493 1038 1548 1084; x_wconf 74' lang='lat'>280</span> <span class='ocrx_word' id='word_1_57' title='bbox 1607 1047 1608 1064; x_wconf 61' lang='lat'>¹</span> 
     </span>
     <span class='ocr_line' id='line_1_7' title="bbox 280 1133 1479 1216; baseline 0 -21"><span class='ocrx_word' id='word_1_58' title='bbox 280 1133 456 1210; x_wconf 88' lang='lat' dir='ltr'>merabilia,</span> <span class='ocrx_word' id='word_1_59' title='bbox 469 1136 643 1216; x_wconf 90' lang='lat' dir='ltr'>generibus</span> <span class='ocrx_word' id='word_1_60' title='bbox 657 1153 782 1216; x_wconf 82' lang='lat' dir='ltr'>pauca3</span> <span class='ocrx_word' id='word_1_61' title='bbox 806 1134 1108 1215; x_wconf 83' lang='lat' dir='ltr'>exspectationibus</span> <span class='ocrx_word' id='word_1_62' title='bbox 1124 1135 1212 1196; x_wconf 91' lang='lat' dir='ltr'>enim</span> <span class='ocrx_word' id='word_1_63' title='bbox 1228 1133 1430 1215; x_wconf 85' lang='lat' dir='ltr'>decipiendis</span> <span class='ocrx_word' id='word_1_64' title='bbox 1446 1141 1479 1196; x_wconf 93' lang='lat' dir='ltr'>et</span> 
     </span>
     <span class='ocr_line' id='line_1_8' title="bbox 279 1231 1478 1323; baseline -0.002 -23"><span class='ocrx_word' id='word_1_65' title='bbox 279 1239 404 1300; x_wconf 90' lang='lat' dir='ltr'>naturis</span> <span class='ocrx_word' id='word_1_66' title='bbox 422 1237 561 1302; x_wconf 91' lang='lat' dir='ltr'>aliorum</span> <span class='ocrx_word' id='word_1_67' title='bbox 577 1238 756 1302; x_wconf 89' lang='lat' dir='ltr'>inridendis</span> <span class='ocrx_word' id='word_1_68' title='bbox 773 1233 935 1323; x_wconf 89' lang='lat' dir='ltr'>[ipsomm</span> <span class='ocrx_word' id='word_1_69' title='bbox 952 1236 1086 1301; x_wconf 89' lang='lat' dir='ltr'>ridicule</span> <span class='ocrx_word' id='word_1_70' title='bbox 1102 1238 1284 1300; x_wconf 88' lang='lat' dir='ltr'>indicandis</span> <span class='ocrx_word' id='word_1_71' title='bbox 1301 1231 1349 1322; x_wconf 87' lang='lat' dir='ltr'>et]</span> <span class='ocrx_word' id='word_1_72' title='bbox 1366 1237 1478 1300; x_wconf 90' lang='lat' dir='ltr'>simili-</span> 
     </span>
     <span class='ocr_line' id='line_1_9' title="bbox 280 1340 1609 1422; baseline -0.002 -18"><span class='ocrx_word' id='word_1_73' title='bbox 280 1342 396 1404; x_wconf 91' lang='lat' dir='ltr'>tudine</span> <span class='ocrx_word' id='word_1_74' title='bbox 411 1342 564 1422; x_wconf 90' lang='lat' dir='ltr'>turpioris</span> <span class='ocrx_word' id='word_1_75' title='bbox 580 1350 612 1406; x_wconf 90' lang='lat' dir='ltr'>et</span> <span class='ocrx_word' id='word_1_76' title='bbox 628 1340 889 1405; x_wconf 85' lang='lat' dir='ltr'>dissimulatione</span> <span class='ocrx_word' id='word_1_77' title='bbox 904 1349 938 1404; x_wconf 85' lang='lat' dir='ltr'>et</span> <span class='ocrx_word' id='word_1_78' title='bbox 953 1341 1158 1404; x_wconf 86' lang='lat' dir='ltr'>subabsurda</span> <span class='ocrx_word' id='word_1_79' title='bbox 1173 1340 1313 1404; x_wconf 89' lang='lat' dir='ltr'>dicendo</span> <span class='ocrx_word' id='word_1_80' title='bbox 1330 1351 1363 1404; x_wconf 91' lang='lat' dir='ltr'>et</span> <span class='ocrx_word' id='word_1_81' title='bbox 1378 1340 1480 1403; x_wconf 91' lang='lat' dir='ltr'>stulta</span> <span class='ocrx_word' id='word_1_82' title='bbox 1608 1355 1609 1376; x_wconf 65' lang='lat'>¹</span> 
     </span>
     <span class='ocr_line' id='line_1_10' title="bbox 281 1443 1479 1525; baseline 0 -20"><span class='ocrx_word' id='word_1_83' title='bbox 281 1443 554 1524; x_wconf 90' lang='lat' dir='ltr'>reprehendendo</span> <span class='ocrx_word' id='word_1_84' title='bbox 584 1445 667 1507; x_wconf 90' lang='lat' dir='ltr'>risus</span> <span class='ocrx_word' id='word_1_85' title='bbox 698 1454 880 1524; x_wconf 89' lang='lat' dir='ltr'>moventur,</span> <span class='ocrx_word' id='word_1_86' title='bbox 906 1446 1020 1525; x_wconf 88' lang='lat' dir='ltr'>itaque</span> <span class='ocrx_word' id='word_1_87' title='bbox 1050 1444 1247 1508; x_wconf 91' lang='lat' dir='ltr'>imbuendus</span> <span class='ocrx_word' id='word_1_88' title='bbox 1278 1454 1328 1508; x_wconf 88' lang='lat' dir='ltr'>est</span> <span class='ocrx_word' id='word_1_89' title='bbox 1358 1444 1393 1521; x_wconf 87' lang='lat' dir='ltr'>is,</span> <span class='ocrx_word' id='word_1_90' title='bbox 1423 1445 1479 1524; x_wconf 92' lang='lat' dir='ltr'>qui</span> 
     </span>
    </p>

    <p class='ocr_par' dir='ltr' id='par_1_4' title="bbox 237 1547 1609 2043">
     <span class='ocr_line' id='line_1_11' title="bbox 237 1547 1481 1631; baseline 0 -22"><span class='ocrx_word' id='word_1_91' title='bbox 237 1569 267 1609; x_wconf 82' lang='grc' dir='ltr'>ιο</span> <span class='ocrx_word' id='word_1_92' title='bbox 281 1548 390 1610; x_wconf 89' lang='lat' dir='ltr'>iocose</span> <span class='ocrx_word' id='word_1_93' title='bbox 404 1547 494 1610; x_wconf 90' lang='lat' dir='ltr'>volet</span> <span class='ocrx_word' id='word_1_94' title='bbox 510 1549 628 1624; x_wconf 88' lang='lat' dir='ltr'>dicere,</span> <span class='ocrx_word' id='word_1_95' title='bbox 643 1549 737 1629; x_wconf 91' lang='lat' dir='ltr'>quasi</span> <span class='ocrx_word' id='word_1_96' title='bbox 759 1558 876 1611; x_wconf 90' lang='lat' dir='ltr'>natura</span> <span class='ocrx_word' id='word_1_97' title='bbox 891 1549 1037 1630; x_wconf 89' lang='lat' dir='ltr'>quadam</span> <span class='ocrx_word' id='word_1_98' title='bbox 1054 1553 1133 1631; x_wconf 83' lang='lat' dir='ltr'>apta</span> <span class='ocrx_word' id='word_1_99' title='bbox 1148 1549 1191 1610; x_wconf 92' lang='lat' dir='ltr'>ad</span> <span class='ocrx_word' id='word_1_100' title='bbox 1207 1547 1289 1611; x_wconf 89' lang='lat' dir='ltr'>haec</span> <span class='ocrx_word' id='word_1_101' title='bbox 1303 1567 1424 1629; x_wconf 89' lang='lat' dir='ltr'>genera</span> <span class='ocrx_word' id='word_1_102' title='bbox 1447 1556 1481 1609; x_wconf 90' lang='lat' dir='ltr'>et</span> 
     </span>
     <span class='ocr_line' id='line_1_12' title="bbox 281 1651 1482 1733; baseline -0.001 -21"><span class='ocrx_word' id='word_1_103' title='bbox 281 1651 437 1726; x_wconf 89' lang='lat' dir='ltr'>moribus,</span> <span class='ocrx_word' id='word_1_104' title='bbox 453 1660 490 1714; x_wconf 93' lang='lat' dir='ltr'>ut</span> <span class='ocrx_word' id='word_1_105' title='bbox 505 1651 548 1715; x_wconf 92' lang='lat' dir='ltr'>ad</span> <span class='ocrx_word' id='word_1_106' title='bbox 565 1653 722 1732; x_wconf 90' lang='lat' dir='ltr'>cuiusque</span> <span class='ocrx_word' id='word_1_107' title='bbox 738 1652 828 1714; x_wconf 92' lang='lat' dir='ltr'>modi</span> <span class='ocrx_word' id='word_1_108' title='bbox 843 1671 948 1733; x_wconf 86' lang='lat' dir='ltr'>genus</span> <span class='ocrx_word' id='word_1_109' title='bbox 964 1651 1090 1714; x_wconf 90' lang='lat' dir='ltr'>ridiculi</span> <span class='ocrx_word' id='word_1_110' title='bbox 1106 1651 1216 1714; x_wconf 88' lang='lat' dir='ltr'>voltus</span> <span class='ocrx_word' id='word_1_111' title='bbox 1231 1653 1331 1715; x_wconf 91' lang='lat' dir='ltr'>etiam</span> <span class='ocrx_word' id='word_1_112' title='bbox 1348 1651 1482 1714; x_wconf 89' lang='lat' dir='ltr'>adcom-</span> 
     </span>
     <span class='ocr_line' id='line_1_13' title="bbox 281 1754 1482 1837; baseline -0.002 -21"><span class='ocrx_word' id='word_1_113' title='bbox 281 1755 453 1832; x_wconf 84' lang='lat' dir='ltr'>modetur3</span> <span class='ocrx_word' id='word_1_114' title='bbox 488 1757 545 1837; x_wconf 93' lang='lat' dir='ltr'>qui</span> <span class='ocrx_word' id='word_1_115' title='bbox 572 1754 707 1837; x_wconf 90' lang='lat' dir='ltr'>quidem</span> <span class='ocrx_word' id='word_1_116' title='bbox 735 1775 802 1837; x_wconf 90' lang='lat' dir='ltr'>quo</span> <span class='ocrx_word' id='word_1_117' title='bbox 832 1755 975 1818; x_wconf 90' lang='lat' dir='ltr'>severior</span> <span class='ocrx_word' id='word_1_118' title='bbox 1005 1765 1056 1818; x_wconf 92' lang='lat' dir='ltr'>est</span> <span class='ocrx_word' id='word_1_119' title='bbox 1086 1763 1120 1818; x_wconf 90' lang='lat' dir='ltr'>et</span> <span class='ocrx_word' id='word_1_120' title='bbox 1151 1756 1282 1833; x_wconf 86' lang='lat' dir='ltr'>tristior,</span> <span class='ocrx_word' id='word_1_121' title='bbox 1309 1764 1345 1818; x_wconf 90' lang='lat' dir='ltr'>ut</span> <span class='ocrx_word' id='word_1_122' title='bbox 1376 1755 1409 1816; x_wconf 89' lang='lat' dir='ltr'>in</span> <span class='ocrx_word' id='word_1_123' title='bbox 1438 1763 1482 1829; x_wconf 92' lang='lat' dir='ltr'>te,</span> 
     </span>
     <span class='ocr_line' id='line_1_14' title="bbox 282 1856 1553 1940; baseline -0.002 -18"><span class='ocrx_word' id='word_1_124' title='bbox 282 1856 409 1932; x_wconf 86' lang='lat' dir='ltr'>Crasse,</span> <span class='ocrx_word' id='word_1_125' title='bbox 425 1858 488 1921; x_wconf 91' lang='lat' dir='ltr'>hoc</span> <span class='ocrx_word' id='word_1_126' title='bbox 512 1858 576 1932; x_wconf 89' lang='lat' dir='ltr'>illa,</span> <span class='ocrx_word' id='word_1_127' title='bbox 596 1878 682 1940; x_wconf 89' lang='lat' dir='ltr'>quae</span> <span class='ocrx_word' id='word_1_128' title='bbox 700 1858 861 1932; x_wconf 91' lang='lat' dir='ltr'>dicuntur,</span> <span class='ocrx_word' id='word_1_129' title='bbox 878 1857 1013 1920; x_wconf 89' lang='lat' dir='ltr'>salsiora</span> <span class='ocrx_word' id='word_1_130' title='bbox 1035 1859 1138 1921; x_wconf 90' lang='lat' dir='ltr'>videri</span> <span class='ocrx_word' id='word_1_131' title='bbox 1161 1856 1277 1923; x_wconf 91' lang='lat' dir='ltr'>solent.</span> <span class='ocrx_word' id='word_1_132' title='bbox 1323 1857 1390 1922; x_wconf 90' lang='lat' dir='ltr'>Sed</span> <span class='ocrx_word' id='word_1_133' title='bbox 1415 1859 1481 1920; x_wconf 89' lang='lat' dir='ltr'>iam</span> <span class='ocrx_word' id='word_1_134' title='bbox 1495 1868 1553 1914; x_wconf 83' lang='lat'>290</span> 
     </span>
     <span class='ocr_line' id='line_1_15' title="bbox 279 1961 1483 2043; baseline -0.001 -20"><span class='ocrx_word' id='word_1_135' title='bbox 279 1971 327 2039; x_wconf 91' lang='lat' dir='ltr'>tu,</span> <span class='ocrx_word' id='word_1_136' title='bbox 347 1961 485 2040; x_wconf 87' lang='lat' dir='ltr'>Antoni,</span> <span class='ocrx_word' id='word_1_137' title='bbox 509 1961 566 2043; x_wconf 94' lang='lat' dir='ltr'>qui</span> <span class='ocrx_word' id='word_1_138' title='bbox 588 1961 651 2024; x_wconf 90' lang='lat' dir='ltr'>hoc</span> <span class='ocrx_word' id='word_1_139' title='bbox 675 1962 861 2024; x_wconf 91' lang='lat' dir='ltr'>deversorio</span> <span class='ocrx_word' id='word_1_140' title='bbox 883 1961 1043 2025; x_wconf 91' lang='lat' dir='ltr'>sermonis</span> <span class='ocrx_word' id='word_1_141' title='bbox 1063 1962 1127 2024; x_wconf 92' lang='lat' dir='ltr'>mei</span> <span class='ocrx_word' id='word_1_142' title='bbox 1151 1961 1291 2026; x_wconf 90' lang='lat' dir='ltr'>libenter</span> <span class='ocrx_word' id='word_1_143' title='bbox 1313 1961 1483 2043; x_wconf 91' lang='lat' dir='ltr'>acquietu-</span> 
     </span>
    </p>

    <p class='ocr_par' dir='ltr' id='par_1_5' title="bbox 235 2064 1483 2355">
     <span class='ocr_line' id='line_1_16' title="bbox 235 2064 1483 2147; baseline -0.002 -18"><span class='ocrx_word' id='word_1_144' title='bbox 235 2087 265 2136; x_wconf 82' lang='lat'>15</span> <span class='ocrx_word' id='word_1_145' title='bbox 281 2085 352 2128; x_wconf 91' lang='lat' dir='ltr'>rum</span> <span class='ocrx_word' id='word_1_146' title='bbox 375 2074 409 2129; x_wconf 90' lang='lat' dir='ltr'>te</span> <span class='ocrx_word' id='word_1_147' title='bbox 432 2085 504 2128; x_wconf 90' lang='lat' dir='ltr'>esse</span> <span class='ocrx_word' id='word_1_148' title='bbox 528 2064 652 2141; x_wconf 88' lang='lat' dir='ltr'>dixisti,</span> <span class='ocrx_word' id='word_1_149' title='bbox 673 2074 845 2146; x_wconf 89' lang='lat' dir='ltr'>tamquam</span> <span class='ocrx_word' id='word_1_150' title='bbox 870 2065 903 2127; x_wconf 92' lang='lat' dir='ltr'>in</span> <span class='ocrx_word' id='word_1_151' title='bbox 925 2064 1137 2147; x_wconf 89' lang='lat' dir='ltr'>Pomptinum</span> <span class='ocrx_word' id='word_1_152' title='bbox 1161 2066 1350 2141; x_wconf 89' lang='lat' dir='ltr'>deverteris,</span> <span class='ocrx_word' id='word_1_153' title='bbox 1374 2085 1483 2146; x_wconf 91' lang='lat' dir='ltr'>neque</span> 
     </span>
     <span class='ocr_line' id='line_1_17' title="bbox 278 2168 1483 2252; baseline 0 -20"><span class='ocrx_word' id='word_1_154' title='bbox 278 2188 458 2232; x_wconf 91' lang='lat' dir='ltr'>amoenum</span> <span class='ocrx_word' id='word_1_155' title='bbox 481 2189 588 2249; x_wconf 90' lang='lat' dir='ltr'>neque</span> <span class='ocrx_word' id='word_1_156' title='bbox 610 2168 775 2232; x_wconf 89' lang='lat' dir='ltr'>salubrem</span> <span class='ocrx_word' id='word_1_157' title='bbox 798 2168 917 2247; x_wconf 91' lang='lat' dir='ltr'>locum,</span> <span class='ocrx_word' id='word_1_158' title='bbox 938 2188 1065 2247; x_wconf 91' lang='lat' dir='ltr'>censeo,</span> <span class='ocrx_word' id='word_1_159' title='bbox 1086 2180 1123 2234; x_wconf 92' lang='lat' dir='ltr'>ut</span> <span class='ocrx_word' id='word_1_160' title='bbox 1145 2171 1225 2233; x_wconf 91' lang='lat' dir='ltr'>satis</span> <span class='ocrx_word' id='word_1_161' title='bbox 1248 2170 1303 2233; x_wconf 94' lang='lat' dir='ltr'>diu</span> <span class='ocrx_word' id='word_1_162' title='bbox 1327 2180 1362 2234; x_wconf 95' lang='lat' dir='ltr'>te</span> <span class='ocrx_word' id='word_1_163' title='bbox 1384 2178 1483 2252; x_wconf 91' lang='lat' dir='ltr'>putes</span> 
     </span>
     <span class='ocr_line' id='line_1_18' title="bbox 281 2271 1085 2355; baseline 0.001 -19"><span class='ocrx_word' id='word_1_164' title='bbox 281 2273 448 2355; x_wconf 89' lang='lat' dir='ltr'>requiesse</span> <span class='ocrx_word' id='word_1_165' title='bbox 464 2282 498 2337; x_wconf 93' lang='lat' dir='ltr'>et</span> <span class='ocrx_word' id='word_1_166' title='bbox 513 2272 577 2335; x_wconf 90' lang='lat' dir='ltr'>iter</span> <span class='ocrx_word' id='word_1_167' title='bbox 592 2272 754 2354; x_wconf 90' lang='lat' dir='ltr'>reliquum</span> <span class='ocrx_word' id='word_1_168' title='bbox 770 2271 930 2335; x_wconf 90' lang='lat' dir='ltr'>conficere</span> <span class='ocrx_word' id='word_1_169' title='bbox 945 2271 1085 2355; x_wconf 81' lang='lat' dir='ltr'>pergas’</span> 
     </span>
    </p>

    <p class='ocr_par' dir='ltr' id='par_1_6' title="bbox 325 2373 1483 2462">
     <span class='ocr_line' id='line_1_19' title="bbox 325 2373 1483 2462; baseline 0.001 -24"><span class='ocrx_word' id='word_1_170' title='bbox 325 2375 419 2460; x_wconf 88' lang='lat' dir='ltr'>‘Ego</span> <span class='ocrx_word' id='word_1_171' title='bbox 434 2396 520 2450; x_wconf 90' lang='lat' dir='ltr'>ver0,</span> <span class='ocrx_word' id='word_1_172' title='bbox 536 2385 638 2461; x_wconf 91' lang='lat' dir='ltr'>atque</span> <span class='ocrx_word' id='word_1_173' title='bbox 659 2375 762 2440; x_wconf 92' lang='lat' dir='ltr'>hilare</span> <span class='ocrx_word' id='word_1_174' title='bbox 782 2374 919 2457; x_wconf 93' lang='lat' dir='ltr'>quidem</span> <span class='ocrx_word' id='word_1_175' title='bbox 935 2397 955 2439; x_wconf 89' lang='lat' dir='ltr'>a</span> <span class='ocrx_word' id='word_1_176' title='bbox 972 2385 1008 2441; x_wconf 93' lang='lat' dir='ltr'>te</span> <span class='ocrx_word' id='word_1_177' title='bbox 1024 2373 1197 2462; x_wconf 91' lang='lat' dir='ltr'>acceptus,&#39;</span> <span class='ocrx_word' id='word_1_178' title='bbox 1219 2377 1325 2460; x_wconf 90' lang='lat' dir='ltr'>inquit</span> <span class='ocrx_word' id='word_1_179' title='bbox 1340 2381 1391 2443; x_wconf 89' lang='lat' dir='ltr'>‘et</span> <span class='ocrx_word' id='word_1_180' title='bbox 1407 2397 1483 2441; x_wconf 90' lang='lat' dir='ltr'>curn</span> 
     </span>
    </p>
   </div>
   <div class='ocr_carea' id='block_1_3' title="bbox 790 2521 969 2572">
    <p class='ocr_par' dir='ltr' id='par_1_7' title="bbox 790 2521 969 2572">
     <span class='ocr_line' id='line_1_20' title="bbox 790 2521 969 2572; baseline 0.006 -2"><span class='ocrx_word' id='word_1_181' title='bbox 790 2522 826 2572; x_wconf 92' lang='lat'>18.</span> <span class='ocrx_word' id='word_1_182' title='bbox 847 2528 870 2569; x_wconf 84' lang='lat' dir='ltr'>et</span> <span class='ocrx_word' id='word_1_183' title='bbox 881 2537 931 2570; x_wconf 88' lang='lat' dir='ltr'>om.</span> <span class='ocrx_word' id='word_1_184' title='bbox 941 2521 969 2571; x_wconf 87' lang='lat' dir='ltr'>P.</span> 
     </span>
    </p>
   </div>
   <div class='ocr_carea' id='block_1_4' title="bbox 280 2652 1489 4690">
    <p class='ocr_par' dir='ltr' id='par_1_8' title="bbox 280 2652 1489 4690">
     <span class='ocr_line' id='line_1_21' title="bbox 282 2652 1484 2719; baseline -0.002 -15"><span class='ocrx_word' id='word_1_185' title='bbox 282 2671 310 2704; x_wconf 88' lang='lat' dir='ltr'>as</span> <span class='ocrx_word' id='word_1_186' title='bbox 328 2653 395 2704; x_wconf 87' lang='lat' dir='ltr'>true&#39;</span> <span class='ocrx_word' id='word_1_187' title='bbox 410 2652 472 2702; x_wconf 88' lang='lat' dir='ltr'>with</span> <span class='ocrx_word' id='word_1_188' title='bbox 483 2669 532 2703; x_wconf 85' lang='lat' dir='ltr'>acc.</span> <span class='ocrx_word' id='word_1_189' title='bbox 547 2655 619 2718; x_wconf 92' lang='lat' dir='ltr'>(only</span> <span class='ocrx_word' id='word_1_190' title='bbox 635 2652 697 2702; x_wconf 90' lang='lat' dir='ltr'>with</span> <span class='ocrx_word' id='word_1_191' title='bbox 714 2661 799 2704; x_wconf 88' lang='lat' dir='ltr'>neuter</span> <span class='ocrx_word' id='word_1_192' title='bbox 814 2653 857 2702; x_wconf 90' lang='lat' dir='ltr'>ad·</span> <span class='ocrx_word' id='word_1_193' title='bbox 943 2668 966 2717; x_wconf 90' lang='lat'>9.</span> <span class='ocrx_word' id='word_1_194' title='bbox 978 2655 1159 2702; x_wconf 79' lang='lat' dir='ltr'>imbuendus:</span> <span class='ocrx_word' id='word_1_195' title='bbox 1174 2653 1232 2704; x_wconf 87' lang='lat' dir='ltr'>here</span> <span class='ocrx_word' id='word_1_196' title='bbox 1243 2654 1268 2703; x_wconf 94' lang='lat' dir='ltr'>in</span> <span class='ocrx_word' id='word_1_197' title='bbox 1280 2672 1295 2704; x_wconf 86' lang='lat' dir='ltr'>a</span> <span class='ocrx_word' id='word_1_198' title='bbox 1306 2671 1374 2705; x_wconf 91' lang='lat' dir='ltr'>more</span> <span class='ocrx_word' id='word_1_199' title='bbox 1384 2653 1484 2719; x_wconf 88' lang='lat' dir='ltr'>general</span> 
     </span>
     <span class='ocr_line' id='line_1_22' title="bbox 280 2718 1484 2784; baseline -0.002 -14"><span class='ocrx_word' id='word_1_200' title='bbox 280 2721 382 2784; x_wconf 87' lang='lat' dir='ltr'>jectives</span> <span class='ocrx_word' id='word_1_201' title='bbox 390 2719 439 2767; x_wconf 84' lang='lat' dir='ltr'>and</span> <span class='ocrx_word' id='word_1_202' title='bbox 451 2721 604 2783; x_wconf 87' lang='lat' dir='ltr'>pronouns):</span> <span class='ocrx_word' id='word_1_203' title='bbox 622 2735 654 2782; x_wconf 91' lang='lat' dir='ltr'>cp</span> <span class='ocrx_word' id='word_1_204' title='bbox 672 2720 703 2768; x_wconf 92' lang='lat' dir='ltr'>de</span> <span class='ocrx_word' id='word_1_205' title='bbox 716 2719 773 2769; x_wconf 88' lang='lat' dir='ltr'>Div.</span> <span class='ocrx_word' id='word_1_206' title='bbox 783 2720 808 2769; x_wconf 92' lang='lat' dir='ltr'>ii.</span> <span class='ocrx_word' id='word_1_207' title='bbox 820 2734 857 2782; x_wconf 84' lang='lat'>13.</span> <span class='ocrx_word' id='word_1_208' title='bbox 911 2719 1027 2783; x_wconf 87' lang='lat' dir='ltr'>meaning</span> <span class='ocrx_word' id='word_1_209' title='bbox 1037 2718 1332 2776; x_wconf 83' lang='lat' dir='ltr'>thanusual,·lurnished</span> <span class='ocrx_word' id='word_1_210' title='bbox 1340 2721 1415 2770; x_wconf 89' lang='lat' dir='ltr'>with.’</span> <span class='ocrx_word' id='word_1_211' title='bbox 1433 2720 1484 2768; x_wconf 92' lang='lat' dir='ltr'>Ell.</span> 
     </span>
     <span class='ocr_line' id='line_1_23' title="bbox 283 2784 1484 2848; baseline -0.001 -14"><span class='ocrx_word' id='word_1_212' title='bbox 283 2800 312 2848; x_wconf 75' lang='lat'>5¹</span> <span class='ocrx_word' id='word_1_213' title='bbox 336 2784 394 2834; x_wconf 85' lang='lat' dir='ltr'>‘sed</span> <span class='ocrx_word' id='word_1_214' title='bbox 411 2785 509 2834; x_wconf 89' lang='lat' dir='ltr'>credere</span> <span class='ocrx_word' id='word_1_215' title='bbox 525 2785 610 2834; x_wconf 89' lang='lat' dir='ltr'>omnia</span> <span class='ocrx_word' id='word_1_216' title='bbox 626 2785 684 2834; x_wconf 89' lang='lat' dir='ltr'>vide</span> <span class='ocrx_word' id='word_1_217' title='bbox 700 2801 731 2834; x_wconf 91' lang='lat' dir='ltr'>ne</span> <span class='ocrx_word' id='word_1_218' title='bbox 754 2801 803 2834; x_wconf 92' lang='lat' dir='ltr'>non</span> <span class='ocrx_word' id='word_1_219' title='bbox 825 2785 858 2833; x_wconf 91' lang='lat' dir='ltr'>sit</span> <span class='ocrx_word' id='word_1_220' title='bbox 911 2784 1041 2848; x_wconf 89' lang='lat' dir='ltr'>interprets</span> <span class='ocrx_word' id='word_1_221' title='bbox 1064 2786 1136 2832; x_wconf 83' lang='lat' dir='ltr'>imbui</span> <span class='ocrx_word' id='word_1_222' title='bbox 1157 2802 1184 2834; x_wconf 84' lang='lat' dir='ltr'>as</span> <span class='ocrx_word' id='word_1_223' title='bbox 1205 2792 1360 2836; x_wconf 84' lang='lat' dir='ltr'>‘assuescere</span> <span class='ocrx_word' id='word_1_224' title='bbox 1377 2786 1484 2834; x_wconf 90' lang='lat' dir='ltr'>multum</span> 
     </span>
     <span class='ocr_line' id='line_1_24' title="bbox 281 2850 1485 2913; baseline -0.002 -12"><span class='ocrx_word' id='word_1_225' title='bbox 281 2851 396 2906; x_wconf 90' lang='lat' dir='ltr'>necesse,&#39;</span> <span class='ocrx_word' id='word_1_226' title='bbox 418 2850 453 2904; x_wconf 85' lang='lat' dir='ltr'>ib,</span> <span class='ocrx_word' id='word_1_227' title='bbox 475 2865 513 2911; x_wconf 83' lang='lat'>41.</span> <span class='ocrx_word' id='word_1_228' title='bbox 537 2850 577 2905; x_wconf 87' lang='grc'>86.</span> <span class='ocrx_word' id='word_1_229' title='bbox 599 2857 646 2899; x_wconf 82' lang='lat' dir='ltr'>etc</span> <span class='ocrx_word' id='word_1_230' title='bbox 682 2850 762 2899; x_wconf 87' lang='lat' dir='ltr'>There</span> <span class='ocrx_word' id='word_1_231' title='bbox 783 2851 858 2900; x_wconf 78' lang='lat' dir='ltr'>isan</span> <span class='ocrx_word' id='word_1_232' title='bbox 911 2851 1069 2903; x_wconf 60' lang='lat' dir='ltr'>tractando?</span> <span class='ocrx_word' id='word_1_233' title='bbox 1085 2851 1130 2900; x_wconf 91' lang='lat' dir='ltr'>but</span> <span class='ocrx_word' id='word_1_234' title='bbox 1147 2850 1199 2900; x_wconf 90' lang='lat' dir='ltr'>this</span> <span class='ocrx_word' id='word_1_235' title='bbox 1214 2851 1237 2900; x_wconf 91' lang='lat' dir='ltr'>is</span> <span class='ocrx_word' id='word_1_236' title='bbox 1252 2859 1295 2900; x_wconf 88' lang='lat' dir='ltr'>not</span> <span class='ocrx_word' id='word_1_237' title='bbox 1310 2852 1353 2900; x_wconf 89' lang='lat' dir='ltr'>the</span> <span class='ocrx_word' id='word_1_238' title='bbox 1368 2851 1485 2913; x_wconf 84' lang='lat' dir='ltr'>meaning</span> 
     </span>
     <span class='ocr_line' id='line_1_25' title="bbox 282 2915 1488 2979; baseline -0.005 -11"><span class='ocrx_word' id='word_1_239' title='bbox 282 2917 403 2968; x_wconf 89' lang='lat' dir='ltr'>excellent</span> <span class='ocrx_word' id='word_1_240' title='bbox 421 2924 480 2965; x_wconf 89' lang='lat' dir='ltr'>note</span> <span class='ocrx_word' id='word_1_241' title='bbox 501 2932 535 2966; x_wconf 93' lang='lat' dir='ltr'>on</span> <span class='ocrx_word' id='word_1_242' title='bbox 557 2916 599 2965; x_wconf 91' lang='lat' dir='ltr'>the</span> <span class='ocrx_word' id='word_1_243' title='bbox 621 2931 677 2965; x_wconf 86' lang='lat' dir='ltr'>uses</span> <span class='ocrx_word' id='word_1_244' title='bbox 696 2915 725 2965; x_wconf 85' lang='lat' dir='ltr'>ol</span> <span class='ocrx_word' id='word_1_245' title='bbox 744 2919 810 2966; x_wconf 80' lang='lat' dir='ltr'>credo</span> <span class='ocrx_word' id='word_1_246' title='bbox 833 2916 859 2964; x_wconf 90' lang='lat' dir='ltr'>in</span> <span class='ocrx_word' id='word_1_247' title='bbox 911 2916 941 2965; x_wconf 87' lang='lat' dir='ltr'>ol</span> <span class='ocrx_word' id='word_1_248' title='bbox 954 2916 997 2966; x_wconf 88' lang='lat' dir='ltr'>the</span> <span class='ocrx_word' id='word_1_249' title='bbox 1013 2919 1096 2968; x_wconf 84' lang='lat' dir='ltr'>word:</span> <span class='ocrx_word' id='word_1_250' title='bbox 1113 2917 1134 2964; x_wconf 89' lang='lat' dir='ltr'>it</span> <span class='ocrx_word' id='word_1_251' title='bbox 1148 2916 1169 2965; x_wconf 92' lang='lat' dir='ltr'>is</span> <span class='ocrx_word' id='word_1_252' title='bbox 1186 2924 1252 2966; x_wconf 89' lang='lat' dir='ltr'>most</span> <span class='ocrx_word' id='word_1_253' title='bbox 1269 2916 1366 2979; x_wconf 87' lang='lat' dir='ltr'>exactly</span> <span class='ocrx_word' id='word_1_254' title='bbox 1380 2916 1440 2965; x_wconf 89' lang='lat' dir='ltr'>used</span> <span class='ocrx_word' id='word_1_255' title='bbox 1458 2915 1488 2964; x_wconf 87' lang='lat' dir='ltr'>ol</span> 
     </span>
     <span class='ocr_line' id='line_1_26' title="bbox 282 2980 1485 3047; baseline -0.002 -15"><span class='ocrx_word' id='word_1_256' title='bbox 282 2982 405 3046; x_wconf 82' lang='lat' dir='ltr'>Seyliert&#39;s</span> <span class='ocrx_word' id='word_1_257' title='bbox 417 2980 534 3036; x_wconf 75' lang='lat' dir='ltr'>Laelius,²</span> <span class='ocrx_word' id='word_1_258' title='bbox 544 2998 569 3046; x_wconf 87' lang='lat' dir='ltr'>p.</span> <span class='ocrx_word' id='word_1_259' title='bbox 584 2997 638 3044; x_wconf 78' lang='lat'>173·</span> <span class='ocrx_word' id='word_1_260' title='bbox 911 2982 1021 3047; x_wconf 89' lang='lat' dir='ltr'>staining</span> <span class='ocrx_word' id='word_1_261' title='bbox 1038 2984 1087 3034; x_wconf 84' lang='lat' dir='ltr'>and</span> <span class='ocrx_word' id='word_1_262' title='bbox 1105 2983 1208 3046; x_wconf 87' lang='lat' dir='ltr'>wetting</span> <span class='ocrx_word' id='word_1_263' title='bbox 1223 2981 1262 3032; x_wconf 87' lang='lat' dir='ltr'>for</span> <span class='ocrx_word' id='word_1_264' title='bbox 1277 2983 1320 3032; x_wconf 86' lang='lat' dir='ltr'>the</span> <span class='ocrx_word' id='word_1_265' title='bbox 1336 2981 1390 3030; x_wconf 88' lang='lat' dir='ltr'>first</span> <span class='ocrx_word' id='word_1_266' title='bbox 1409 2982 1485 3032; x_wconf 87' lang='lat' dir='ltr'>time:</span> 
     </span>
     <span class='ocr_line' id='line_1_27' title="bbox 319 3046 1123 3111; baseline 0.001 -15"><span class='ocrx_word' id='word_1_267' title='bbox 319 3061 340 3096; x_wconf 92' lang='lat'>1.</span> <span class='ocrx_word' id='word_1_268' title='bbox 360 3051 575 3105; x_wconf 75' lang='lat' dir='ltr'>exsecrationes,</span> <span class='ocrx_word' id='word_1_269' title='bbox 596 3054 651 3104; x_wconf 74' lang='lat' dir='ltr'>etc„</span> <span class='ocrx_word' id='word_1_270' title='bbox 671 3047 811 3097; x_wconf 80' lang='lat' dir='ltr'>‘instances</span> <span class='ocrx_word' id='word_1_271' title='bbox 833 3046 863 3097; x_wconf 85' lang='lat' dir='ltr'>ol</span> <span class='ocrx_word' id='word_1_272' title='bbox 911 3062 949 3111; x_wconf 92' lang='lat' dir='ltr'>cp.</span> <span class='ocrx_word' id='word_1_273' title='bbox 965 3052 977 3108; x_wconf 70' lang='grc'><strong>5</strong></span> <span class='ocrx_word' id='word_1_274' title='bbox 993 3049 1046 3105; x_wconf 86' lang='lat'>162,</span> <span class='ocrx_word' id='word_1_275' title='bbox 1057 3056 1123 3099; x_wconf 90' lang='lat' dir='ltr'>note.</span> 
     </span>
     <span class='ocr_line' id='line_1_28' title="bbox 283 3105 1486 3178; baseline -0.003 -14"><span class='ocrx_word' id='word_1_276' title='bbox 283 3114 430 3166; x_wconf 86' lang='lat' dir='ltr'>execration.</span> <span class='ocrx_word' id='word_1_277' title='bbox 439 3112 625 3170; x_wconf 89' lang='lat' dir='ltr'>astonishment,</span> <span class='ocrx_word' id='word_1_278' title='bbox 633 3113 680 3162; x_wconf 85' lang='lat' dir='ltr'>and</span> <span class='ocrx_word' id='word_1_279' title='bbox 688 3112 859 3178; x_wconf 89' lang='lat' dir='ltr'>threatening,’</span> <span class='ocrx_word' id='word_1_280' title='bbox 948 3126 984 3176; x_wconf 90' lang='lat'>14.</span> <span class='ocrx_word' id='word_1_281' title='bbox 1007 3117 1175 3171; x_wconf 77' lang='lat' dir='ltr'>deversorio,</span> <span class='ocrx_word' id='word_1_282' title='bbox 1197 3129 1213 3162; x_wconf 86' lang='lat' dir='ltr'>a</span> <span class='ocrx_word' id='word_1_283' title='bbox 1230 3113 1312 3163; x_wconf 88' lang='lat' dir='ltr'>better</span> <span class='ocrx_word' id='word_1_284' title='bbox 1333 3105 1486 3162; x_wconf 83' lang='lat' dir='ltr'>established</span> 
     </span>
     <span class='ocr_line' id='line_1_29' title="bbox 283 3177 1486 3243; baseline -0.003 -13"><span class='ocrx_word' id='word_1_285' title='bbox 283 3180 312 3232; x_wconf 88' lang='lat' dir='ltr'>ol</span> <span class='ocrx_word' id='word_1_286' title='bbox 320 3194 406 3228; x_wconf 89' lang='lat' dir='ltr'>course</span> <span class='ocrx_word' id='word_1_287' title='bbox 417 3179 578 3243; x_wconf 89' lang='lat' dir='ltr'>humorously</span> <span class='ocrx_word' id='word_1_288' title='bbox 589 3179 761 3243; x_wconf 84' lang='lat' dir='ltr'>exaggerated.</span> <span class='ocrx_word' id='word_1_289' title='bbox 807 3215 819 3224; x_wconf 68' lang='lat'>.</span> <span class='ocrx_word' id='word_1_290' title='bbox 911 3177 974 3226; x_wconf 81' lang='lat' dir='ltr'>form</span> <span class='ocrx_word' id='word_1_291' title='bbox 983 3181 1042 3230; x_wconf 83' lang='lat' dir='ltr'>than</span> <span class='ocrx_word' id='word_1_292' title='bbox 1049 3183 1105 3238; x_wconf 59' lang='lat' dir='ltr'>div,</span> <span class='ocrx_word' id='word_1_293' title='bbox 1111 3179 1207 3241; x_wconf 88' lang='lat' dir='ltr'>though</span> <span class='ocrx_word' id='word_1_294' title='bbox 1215 3178 1337 3228; x_wconf 86' lang='lat' dir='ltr'>thelatter</span> <span class='ocrx_word' id='word_1_295' title='bbox 1343 3179 1364 3228; x_wconf 92' lang='lat' dir='ltr'>is</span> <span class='ocrx_word' id='word_1_296' title='bbox 1371 3179 1444 3242; x_wconf 84' lang='lat' dir='ltr'>given</span> <span class='ocrx_word' id='word_1_297' title='bbox 1451 3179 1486 3242; x_wconf 92' lang='lat' dir='ltr'>by</span> 
     </span>
     <span class='ocr_line' id='line_1_30' title="bbox 319 3243 1484 3307; baseline -0.001 -14"><span class='ocrx_word' id='word_1_298' title='bbox 319 3259 340 3293; x_wconf 82' lang='lat'>2.</span> <span class='ocrx_word' id='word_1_299' title='bbox 357 3248 443 3293; x_wconf 74' lang='lat' dir='ltr'>nimis</span> <span class='ocrx_word' id='word_1_300' title='bbox 459 3245 521 3292; x_wconf 88' lang='lat' dir='ltr'>with</span> <span class='ocrx_word' id='word_1_301' title='bbox 538 3248 569 3292; x_wconf 85' lang='lat' dir='ltr'>in</span> <span class='ocrx_word' id='word_1_302' title='bbox 585 3249 689 3293; x_wconf 80' lang='lat' dir='ltr'>multa:</span> <span class='ocrx_word' id='word_1_303' title='bbox 710 3260 749 3307; x_wconf 92' lang='lat' dir='ltr'>cp.</span> <span class='ocrx_word' id='word_1_304' title='bbox 766 3245 801 3294; x_wconf 90' lang='lat' dir='ltr'>iii.</span> <span class='ocrx_word' id='word_1_305' title='bbox 821 3257 859 3305; x_wconf 80' lang='lat'>13.</span> <span class='ocrx_word' id='word_1_306' title='bbox 912 3243 946 3291; x_wconf 80' lang='lat' dir='ltr'>all</span> <span class='ocrx_word' id='word_1_307' title='bbox 958 3245 1030 3295; x_wconf 90' lang='lat' dir='ltr'>MSS.</span> <span class='ocrx_word' id='word_1_308' title='bbox 1043 3247 1107 3302; x_wconf 90' lang='lat' dir='ltr'>here,</span> <span class='ocrx_word' id='word_1_309' title='bbox 1120 3244 1255 3307; x_wconf 83' lang='lat' dir='ltr'>according</span> <span class='ocrx_word' id='word_1_310' title='bbox 1269 3251 1296 3293; x_wconf 91' lang='lat' dir='ltr'>to</span> <span class='ocrx_word' id='word_1_311' title='bbox 1308 3244 1424 3293; x_wconf 89' lang='lat' dir='ltr'>Ellendt:</span> <span class='ocrx_word' id='word_1_312' title='bbox 1442 3258 1484 3306; x_wconf 89' lang='lat' dir='ltr'>cp.</span> 
     </span>
     <span class='ocr_line' id='line_1_31' title="bbox 284 3308 1486 3440; baseline -0.001 -17"><span class='ocrx_word' id='word_1_313' title='bbox 284 3309 861 3424; x_wconf 50' lang='grc' dir='ltr'>ἔιὲᾡῗὲἓέᾚέἓῖῗὴίῗὶἒιὲῖἱὲ11111111</span> <span class='ocrx_word' id='word_1_314' title='bbox 912 3308 1486 3440; x_wconf 66' lang='lat' dir='ltr'>llttntttttt?·tt·.tzt¹¹lttt‘i⁵</span> 
     </span>
     <span class='ocr_line' id='line_1_32' title="bbox 285 3391 1484 3504; baseline -0.001 -15"><span class='ocrx_word' id='word_1_315' title='bbox 285 3440 378 3491; x_wconf 86' lang='lat' dir='ltr'>videri.’</span> <span class='ocrx_word' id='word_1_316' title='bbox 412 3438 488 3489; x_wconf 84' lang='lat' dir='ltr'>Sorof</span> <span class='ocrx_word' id='word_1_317' title='bbox 503 3440 594 3503; x_wconf 82' lang='lat' dir='ltr'>points</span> <span class='ocrx_word' id='word_1_318' title='bbox 616 3447 660 3489; x_wconf 93' lang='lat' dir='ltr'>out</span> <span class='ocrx_word' id='word_1_319' title='bbox 686 3439 741 3489; x_wconf 90' lang='lat' dir='ltr'>that</span> <span class='ocrx_word' id='word_1_320' title='bbox 766 3391 816 3489; x_wconf 67' lang='lat' dir='ltr'>this</span> <span class='ocrx_word' id='word_1_321' title='bbox 838 3440 861 3488; x_wconf 93' lang='lat' dir='ltr'>is</span> <span class='ocrx_word' id='word_1_322' title='bbox 911 3391 1088 3490; x_wconf 67' lang='lat' dir='ltr'>Phthxxvii.</span> <span class='ocrx_word' id='word_1_323' title='bbox 1102 3442 1157 3504; x_wconf 80' lang='lat'>782.</span> <span class='ocrx_word' id='word_1_324' title='bbox 1189 3411 1210 3435; x_wconf 49' lang='grc' dir='ltr'>Ἴ</span> <span class='ocrx_word' id='word_1_325' title='bbox 1347 3411 1352 3431; x_wconf 45' lang='lat'><strong>³</strong></span> <span class='ocrx_word' id='word_1_326' title='bbox 1444 3412 1450 3423; x_wconf 31' lang='grc' dir='ltr'>ι</span> <span class='ocrx_word' id='word_1_327' title='bbox 1478 3413 1484 3426; x_wconf 48' lang='lat'><strong>¹</strong></span> 
     </span>
     <span class='ocr_line' id='line_1_33' title="bbox 284 3503 1486 3572; baseline -0.003 -16"><span class='ocrx_word' id='word_1_328' title='bbox 284 3505 419 3572; x_wconf 85' lang='lat' dir='ltr'>especially</span> <span class='ocrx_word' id='word_1_329' title='bbox 436 3520 553 3554; x_wconf 89' lang='lat' dir='ltr'>common</span> <span class='ocrx_word' id='word_1_330' title='bbox 574 3505 635 3554; x_wconf 89' lang='lat' dir='ltr'>with</span> <span class='ocrx_word' id='word_1_331' title='bbox 659 3506 859 3568; x_wconf 80' lang='lat' dir='ltr'>eo,quo,mu1to,</span> <span class='ocrx_word' id='word_1_332' title='bbox 945 3511 1081 3556; x_wconf 81' lang='lat' dir='ltr'>sermonis</span> <span class='ocrx_word' id='word_1_333' title='bbox 1100 3509 1167 3562; x_wconf 85' lang='lat' dir='ltr'>mei,</span> <span class='ocrx_word' id='word_1_334' title='bbox 1187 3523 1203 3555; x_wconf 87' lang='lat' dir='ltr'>a</span> <span class='ocrx_word' id='word_1_335' title='bbox 1223 3505 1332 3571; x_wconf 85' lang='lat' dir='ltr'>genitive</span> <span class='ocrx_word' id='word_1_336' title='bbox 1351 3504 1381 3554; x_wconf 83' lang='lat' dir='ltr'>of</span> <span class='ocrx_word' id='word_1_337' title='bbox 1396 3503 1486 3554; x_wconf 89' lang='lat' dir='ltr'>defini-</span> 
     </span>
     <span class='ocr_line' id='line_1_34' title="bbox 282 3571 1189 3637; baseline 0.001 -17"><span class='ocrx_word' id='word_1_338' title='bbox 282 3574 363 3636; x_wconf 82' lang='lat' dir='ltr'>panlo,</span> <span class='ocrx_word' id='word_1_339' title='bbox 377 3571 439 3621; x_wconf 89' lang='lat' dir='ltr'>with</span> <span class='ocrx_word' id='word_1_340' title='bbox 455 3572 642 3634; x_wconf 85' lang='lat' dir='ltr'>comparatives,</span> <span class='ocrx_word' id='word_1_341' title='bbox 655 3571 705 3622; x_wconf 81' lang='lat' dir='ltr'>and</span> <span class='ocrx_word' id='word_1_342' title='bbox 717 3571 778 3620; x_wconf 86' lang='lat' dir='ltr'>with</span> <span class='ocrx_word' id='word_1_343' title='bbox 789 3587 860 3637; x_wconf 78' lang='lat' dir='ltr'>quam</span> <span class='ocrx_word' id='word_1_344' title='bbox 911 3571 980 3620; x_wconf 87' lang='lat' dir='ltr'>tion:</span> <span class='ocrx_word' id='word_1_345' title='bbox 997 3573 1078 3635; x_wconf 91' lang='lat' dir='ltr'>Roby,</span> <span class='ocrx_word' id='word_1_346' title='bbox 1094 3578 1189 3632; x_wconf 73' lang='grc'><strong>51301.</strong></span> 
     </span>
     <span class='ocr_line' id='line_1_35' title="bbox 285 3636 1487 3700; baseline -0.004 -13"><span class='ocrx_word' id='word_1_347' title='bbox 285 3640 309 3687; x_wconf 93' lang='lat' dir='ltr'>in</span> <span class='ocrx_word' id='word_1_348' title='bbox 322 3638 426 3687; x_wconf 89' lang='lat' dir='ltr'>indirect</span> <span class='ocrx_word' id='word_1_349' title='bbox 438 3645 571 3688; x_wconf 88' lang='lat' dir='ltr'>sentences.</span> <span class='ocrx_word' id='word_1_350' title='bbox 947 3651 984 3700; x_wconf 86' lang='lat'>15.</span> <span class='ocrx_word' id='word_1_351' title='bbox 1002 3641 1034 3686; x_wconf 88' lang='lat' dir='ltr'>in</span> <span class='ocrx_word' id='word_1_352' title='bbox 1048 3641 1245 3695; x_wconf 81' lang='lat' dir='ltr'>Pomptinum:</span> <span class='ocrx_word' id='word_1_353' title='bbox 1265 3636 1307 3687; x_wconf 88' lang='lat' dir='ltr'>the</span> <span class='ocrx_word' id='word_1_354' title='bbox 1315 3637 1415 3700; x_wconf 86' lang='lat' dir='ltr'>Appian</span> <span class='ocrx_word' id='word_1_355' title='bbox 1423 3636 1487 3684; x_wconf 87' lang='lat' dir='ltr'>road</span> 
     </span>
     <span class='ocr_line' id='line_1_36' title="bbox 318 3701 1488 3768; baseline -0.003 -15"><span class='ocrx_word' id='word_1_356' title='bbox 318 3707 502 3761; x_wconf 79' lang='lat' dir='ltr'>discripsisss,</span> <span class='ocrx_word' id='word_1_357' title='bbox 517 3708 529 3762; x_wconf 70' lang='grc' dir='ltr'><strong>ξ</strong></span> <span class='ocrx_word' id='word_1_358' title='bbox 545 3717 598 3766; x_wconf 80' lang='lat'>14²·</span> <span class='ocrx_word' id='word_1_359' title='bbox 911 3717 954 3750; x_wconf 85' lang='lat' dir='ltr'>ran</span> <span class='ocrx_word' id='word_1_360' title='bbox 971 3703 1080 3768; x_wconf 85' lang='lat' dir='ltr'>through</span> <span class='ocrx_word' id='word_1_361' title='bbox 1096 3704 1138 3752; x_wconf 87' lang='lat' dir='ltr'>the</span> <span class='ocrx_word' id='word_1_362' title='bbox 1153 3703 1284 3767; x_wconf 92' lang='lat' dir='ltr'>Pomptine</span> <span class='ocrx_word' id='word_1_363' title='bbox 1300 3702 1425 3752; x_wconf 86' lang='lat' dir='ltr'>marshes:</span> <span class='ocrx_word' id='word_1_364' title='bbox 1442 3701 1488 3750; x_wconf 91' lang='lat' dir='ltr'>the</span> 
     </span>
     <span class='ocr_line' id='line_1_37' title="bbox 320 3766 1488 3832; baseline -0.001 -15"><span class='ocrx_word' id='word_1_365' title='bbox 320 3785 342 3832; x_wconf 77' lang='lat'>5.</span> <span class='ocrx_word' id='word_1_366' title='bbox 359 3772 441 3818; x_wconf 81' lang='lat' dir='ltr'>verbi</span> <span class='ocrx_word' id='word_1_367' title='bbox 452 3771 562 3818; x_wconf 81' lang='lat' dir='ltr'>ratione</span> <span class='ocrx_word' id='word_1_368' title='bbox 574 3775 603 3819; x_wconf 82' lang='lat' dir='ltr'>et</span> <span class='ocrx_word' id='word_1_369' title='bbox 613 3772 651 3831; x_wconf 83' lang='lat' dir='ltr'>vi,</span> <span class='ocrx_word' id='word_1_370' title='bbox 666 3769 795 3832; x_wconf 83' lang='lat' dir='ltr'>‘meaning</span> <span class='ocrx_word' id='word_1_371' title='bbox 811 3768 860 3820; x_wconf 87' lang='lat' dir='ltr'>and</span> <span class='ocrx_word' id='word_1_372' title='bbox 877 3806 882 3816; x_wconf 93' lang='lat'>.</span> <span class='ocrx_word' id='word_1_373' title='bbox 911 3769 1031 3832; x_wconf 89' lang='lat' dir='ltr'>way-side</span> <span class='ocrx_word' id='word_1_374' title='bbox 1042 3771 1096 3818; x_wconf 88' lang='lat' dir='ltr'>inus</span> <span class='ocrx_word' id='word_1_375' title='bbox 1107 3769 1190 3818; x_wconf 84' lang='lat' dir='ltr'>would</span> <span class='ocrx_word' id='word_1_376' title='bbox 1207 3770 1239 3817; x_wconf 92' lang='lat' dir='ltr'>be</span> <span class='ocrx_word' id='word_1_377' title='bbox 1249 3769 1343 3818; x_wconf 91' lang='lat' dir='ltr'>neither</span> <span class='ocrx_word' id='word_1_378' title='bbox 1354 3766 1488 3832; x_wconf 80' lang='lat' dir='ltr'>agreeable</span> 
     </span>
     <span class='ocr_line' id='line_1_38' title="bbox 285 3833 1488 3898; baseline -0.002 -15"><span class='ocrx_word' id='word_1_379' title='bbox 285 3836 353 3884; x_wconf 79' lang='lat' dir='ltr'>force</span> <span class='ocrx_word' id='word_1_380' title='bbox 365 3835 394 3884; x_wconf 85' lang='lat' dir='ltr'>os</span> <span class='ocrx_word' id='word_1_381' title='bbox 402 3852 417 3884; x_wconf 85' lang='lat' dir='ltr'>a</span> <span class='ocrx_word' id='word_1_382' title='bbox 428 3833 512 3884; x_wconf 87' lang='lat' dir='ltr'>word.&#39;</span> <span class='ocrx_word' id='word_1_383' title='bbox 911 3849 957 3882; x_wconf 90' lang='lat' dir='ltr'>nor</span> <span class='ocrx_word' id='word_1_384' title='bbox 963 3834 1309 3898; x_wconf 87' lang='lat' dir='ltr'>wholesomeresting-places.</span> <span class='ocrx_word' id='word_1_385' title='bbox 1326 3835 1380 3883; x_wconf 94' lang='lat' dir='ltr'>The</span> <span class='ocrx_word' id='word_1_386' title='bbox 1387 3835 1488 3882; x_wconf 86' lang='lat' dir='ltr'>Roman</span> 
     </span>
     <span class='ocr_line' id='line_1_39' title="bbox 318 3899 1489 3964; baseline -0.002 -16"><span class='ocrx_word' id='word_1_387' title='bbox 318 3917 343 3962; x_wconf 90' lang='lat'>4.</span> <span class='ocrx_word' id='word_1_388' title='bbox 361 3906 436 3956; x_wconf 84' lang='lat' dir='ltr'>ants,</span> <span class='ocrx_word' id='word_1_389' title='bbox 451 3904 463 3958; x_wconf 68' lang='grc'>5</span> <span class='ocrx_word' id='word_1_390' title='bbox 478 3912 533 3962; x_wconf 79' lang='lat'>254.</span> <span class='ocrx_word' id='word_1_391' title='bbox 911 3899 966 3949; x_wconf 88' lang='lat' dir='ltr'>inus</span> <span class='ocrx_word' id='word_1_392' title='bbox 987 3916 1051 3951; x_wconf 84' lang='lat' dir='ltr'>were</span> <span class='ocrx_word' id='word_1_393' title='bbox 1075 3900 1201 3964; x_wconf 84' lang='lat' dir='ltr'>generally</span> <span class='ocrx_word' id='word_1_394' title='bbox 1223 3900 1280 3949; x_wconf 88' lang='lat' dir='ltr'>bad.</span> <span class='ocrx_word' id='word_1_395' title='bbox 1325 3899 1489 3948; x_wconf 75' lang='lat' dir='ltr'>Friedlander</span> 
     </span>
     <span class='ocr_line' id='line_1_40' title="bbox 320 3964 1488 4030; baseline -0.001 -17"><span class='ocrx_word' id='word_1_396' title='bbox 320 3978 343 4025; x_wconf 83' lang='lat'>5.</span> <span class='ocrx_word' id='word_1_397' title='bbox 360 3968 489 4022; x_wconf 83' lang='lat' dir='ltr'>partibus</span> <span class='ocrx_word' id='word_1_398' title='bbox 502 4001 507 4013; x_wconf 94' lang='lat'>.</span> <span class='ocrx_word' id='word_1_399' title='bbox 520 3969 715 4023; x_wconf 63' lang='lat' dir='ltr'>..generibus</span> <span class='ocrx_word' id='word_1_400' title='bbox 728 3965 856 4029; x_wconf 85' lang='lat' dir='ltr'>i.42.189.</span> <span class='ocrx_word' id='word_1_401' title='bbox 911 3965 1075 4030; x_wconf 89' lang='lat' dir='ltr'>Sittengesch.</span> <span class='ocrx_word' id='word_1_402' title='bbox 1099 3966 1124 4015; x_wconf 92' lang='lat' dir='ltr'>ii.</span> <span class='ocrx_word' id='word_1_403' title='bbox 1150 3981 1180 4029; x_wconf 91' lang='lat'>19</span> <span class='ocrx_word' id='word_1_404' title='bbox 1195 3965 1219 4014; x_wconf 87' lang='lat' dir='ltr'>ii.</span> <span class='ocrx_word' id='word_1_405' title='bbox 1252 3965 1308 4015; x_wconf 90' lang='lat' dir='ltr'>The</span> <span class='ocrx_word' id='word_1_406' title='bbox 1328 3971 1439 4014; x_wconf 90' lang='lat' dir='ltr'>sentence</span> <span class='ocrx_word' id='word_1_407' title='bbox 1464 3964 1488 4012; x_wconf 93' lang='lat' dir='ltr'>is</span> 
     </span>
     <span class='ocr_line' id='line_1_41' title="bbox 321 4030 1489 4096; baseline 0 -19"><span class='ocrx_word' id='word_1_408' title='bbox 321 4040 344 4093; x_wconf 81' lang='lat'>7.</span> <span class='ocrx_word' id='word_1_409' title='bbox 370 4030 507 4092; x_wconf 81' lang='lat' dir='ltr'>[ipsorum</span> <span class='ocrx_word' id='word_1_410' title='bbox 540 4033 658 4080; x_wconf 77' lang='lat' dir='ltr'>ridicule</span> <span class='ocrx_word' id='word_1_411' title='bbox 685 4031 857 4096; x_wconf 80' lang='lat' dir='ltr'>indloandis]</span> <span class='ocrx_word' id='word_1_412' title='bbox 911 4031 1008 4096; x_wconf 91' lang='lat' dir='ltr'>loosely</span> <span class='ocrx_word' id='word_1_413' title='bbox 1024 4031 1187 4087; x_wconf 88' lang='lat' dir='ltr'>constructed,</span> <span class='ocrx_word' id='word_1_414' title='bbox 1204 4030 1289 4080; x_wconf 78' lang='lat' dir='ltr'>theta</span> <span class='ocrx_word' id='word_1_415' title='bbox 1305 4031 1379 4093; x_wconf 91' lang='lat' dir='ltr'>being</span> <span class='ocrx_word' id='word_1_416' title='bbox 1398 4030 1489 4079; x_wconf 84' lang='lat' dir='ltr'>antici-</span> 
     </span>
     <span class='ocr_line' id='line_1_42' title="bbox 287 4095 1488 4160; baseline 0.001 -16"><span class='ocrx_word' id='word_1_417' title='bbox 287 4101 378 4145; x_wconf 83' lang='lat' dir='ltr'>cannot</span> <span class='ocrx_word' id='word_1_418' title='bbox 388 4097 420 4144; x_wconf 92' lang='lat' dir='ltr'>be</span> <span class='ocrx_word' id='word_1_419' title='bbox 434 4095 553 4159; x_wconf 87' lang='lat' dir='ltr'>genuine:</span> <span class='ocrx_word' id='word_1_420' title='bbox 570 4095 638 4144; x_wconf 90' lang='lat' dir='ltr'>there</span> <span class='ocrx_word' id='word_1_421' title='bbox 649 4095 670 4144; x_wconf 89' lang='lat' dir='ltr'>is</span> <span class='ocrx_word' id='word_1_422' title='bbox 685 4095 791 4159; x_wconf 87' lang='lat' dir='ltr'>nothing</span> <span class='ocrx_word' id='word_1_423' title='bbox 806 4112 859 4145; x_wconf 91' lang='lat' dir='ltr'>cor·</span> <span class='ocrx_word' id='word_1_424' title='bbox 911 4105 1008 4160; x_wconf 87' lang='lat' dir='ltr'>patory‚</span> <span class='ocrx_word' id='word_1_425' title='bbox 1016 4097 1166 4146; x_wconf 84' lang='lat' dir='ltr'>ratberthan</span> <span class='ocrx_word' id='word_1_426' title='bbox 1179 4096 1274 4160; x_wconf 84' lang='lat' dir='ltr'>strictly</span> <span class='ocrx_word' id='word_1_427' title='bbox 1281 4096 1414 4145; x_wconf 86' lang='lat' dir='ltr'>connected</span> <span class='ocrx_word' id='word_1_428' title='bbox 1423 4096 1488 4145; x_wconf 90' lang='lat' dir='ltr'>with</span> 
     </span>
     <span class='ocr_line' id='line_1_43' title="bbox 286 4160 1200 4227; baseline 0 -17"><span class='ocrx_word' id='word_1_429' title='bbox 286 4161 438 4224; x_wconf 90' lang='lat' dir='ltr'>responding</span> <span class='ocrx_word' id='word_1_430' title='bbox 455 4167 482 4208; x_wconf 91' lang='lat' dir='ltr'>to</span> <span class='ocrx_word' id='word_1_431' title='bbox 501 4161 528 4215; x_wconf 89' lang='lat' dir='ltr'>it,</span> <span class='ocrx_word' id='word_1_432' title='bbox 547 4176 575 4208; x_wconf 89' lang='lat' dir='ltr'>as</span> <span class='ocrx_word' id='word_1_433' title='bbox 593 4160 661 4210; x_wconf 85' lang='lat' dir='ltr'>there</span> <span class='ocrx_word' id='word_1_434' title='bbox 680 4161 702 4210; x_wconf 92' lang='lat' dir='ltr'>is</span> <span class='ocrx_word' id='word_1_435' title='bbox 721 4168 748 4210; x_wconf 95' lang='lat' dir='ltr'>to</span> <span class='ocrx_word' id='word_1_436' title='bbox 765 4161 800 4211; x_wconf 88' lang='lat' dir='ltr'>all</span> <span class='ocrx_word' id='word_1_437' title='bbox 817 4162 859 4212; x_wconf 92' lang='lat' dir='ltr'>the</span> <span class='ocrx_word' id='word_1_438' title='bbox 911 4178 959 4227; x_wconf 83' lang='lat' dir='ltr'>any</span> <span class='ocrx_word' id='word_1_439' title='bbox 971 4162 1098 4227; x_wconf 81' lang='lat' dir='ltr'>following</span> <span class='ocrx_word' id='word_1_440' title='bbox 1109 4163 1200 4212; x_wconf 84' lang='lat' dir='ltr'>clause.</span> 
     </span>
     <span class='ocr_line' id='line_1_44' title="bbox 287 4223 1488 4290; baseline 0.001 -13"><span class='ocrx_word' id='word_1_441' title='bbox 287 4227 358 4277; x_wconf 91' lang='lat' dir='ltr'>other</span> <span class='ocrx_word' id='word_1_442' title='bbox 366 4226 467 4275; x_wconf 82' lang='lat' dir='ltr'>clauses.</span> <span class='ocrx_word' id='word_1_443' title='bbox 477 4225 502 4273; x_wconf 94' lang='lat' dir='ltr'>in</span> <span class='ocrx_word' id='word_1_444' title='bbox 514 4225 558 4274; x_wconf 88' lang='lat' dir='ltr'>the</span> <span class='ocrx_word' id='word_1_445' title='bbox 568 4225 697 4289; x_wconf 83' lang='lat' dir='ltr'>ioregning</span> <span class='ocrx_word' id='word_1_446' title='bbox 707 4226 859 4277; x_wconf 91' lang='lat' dir='ltr'>discussion:</span> <span class='ocrx_word' id='word_1_447' title='bbox 945 4223 1099 4277; x_wconf 76' lang='lat' dir='ltr'>darer-beris</span> <span class='ocrx_word' id='word_1_448' title='bbox 1122 4227 1206 4289; x_wconf 88' lang='lat' dir='ltr'>(MSS.</span> <span class='ocrx_word' id='word_1_449' title='bbox 1230 4226 1370 4277; x_wconf 77' lang='lat' dir='ltr'>‘diverteris</span> <span class='ocrx_word' id='word_1_450' title='bbox 1377 4223 1395 4289; x_wconf 88' lang='lat'>’)</span> <span class='ocrx_word' id='word_1_451' title='bbox 1406 4242 1412 4274; x_wconf 77' lang='grc' dir='ltr'><em>τ</em></span> <span class='ocrx_word' id='word_1_452' title='bbox 1424 4227 1488 4290; x_wconf 86' lang='lat' dir='ltr'>peri.</span> 
     </span>
     <span class='ocr_line' id='line_1_45' title="bbox 286 4290 1253 4357; baseline 0.001 -16"><span class='ocrx_word' id='word_1_453' title='bbox 286 4294 312 4342; x_wconf 92' lang='lat' dir='ltr'>in</span> <span class='ocrx_word' id='word_1_454' title='bbox 324 4293 365 4341; x_wconf 89' lang='lat' dir='ltr'>the</span> <span class='ocrx_word' id='word_1_455' title='bbox 378 4292 431 4341; x_wconf 90' lang='lat' dir='ltr'>best</span> <span class='ocrx_word' id='word_1_456' title='bbox 445 4290 516 4340; x_wconf 87' lang='lat' dir='ltr'>MSS.</span> <span class='ocrx_word' id='word_1_457' title='bbox 528 4291 596 4340; x_wconf 89' lang='lat' dir='ltr'>there</span> <span class='ocrx_word' id='word_1_458' title='bbox 611 4291 659 4340; x_wconf 87' lang='lat' dir='ltr'>isa</span> <span class='ocrx_word' id='word_1_459' title='bbox 674 4300 774 4356; x_wconf 90' lang='lat' dir='ltr'>corrupt</span> <span class='ocrx_word' id='word_1_460' title='bbox 790 4293 859 4342; x_wconf 90' lang='lat' dir='ltr'>read·</span> <span class='ocrx_word' id='word_1_461' title='bbox 910 4293 972 4356; x_wconf 86' lang='lat' dir='ltr'>subj.</span> <span class='ocrx_word' id='word_1_462' title='bbox 987 4301 1048 4350; x_wconf 86' lang='lat' dir='ltr'>act.;</span> <span class='ocrx_word' id='word_1_463' title='bbox 1065 4301 1110 4342; x_wconf 90' lang='lat' dir='ltr'>not</span> <span class='ocrx_word' id='word_1_464' title='bbox 1120 4294 1253 4357; x_wconf 88' lang='lat' dir='ltr'>deponent.</span> 
     </span>
     <span class='ocr_line' id='line_1_46' title="bbox 285 4355 1489 4423; baseline -0.002 -16"><span class='ocrx_word' id='word_1_465' title='bbox 285 4359 330 4422; x_wconf 88' lang='lat' dir='ltr'>ing</span> <span class='ocrx_word' id='word_1_466' title='bbox 340 4359 429 4407; x_wconf 71' lang='lat' dir='ltr'>irrideo</span> <span class='ocrx_word' id='word_1_467' title='bbox 446 4359 468 4406; x_wconf 81' lang='lat' dir='ltr'>le</span> <span class='ocrx_word' id='word_1_468' title='bbox 486 4359 623 4412; x_wconf 79' lang='lat' dir='ltr'>iudicandis,</span> <span class='ocrx_word' id='word_1_469' title='bbox 634 4357 715 4406; x_wconf 88' lang='lat' dir='ltr'>which</span> <span class='ocrx_word' id='word_1_470' title='bbox 733 4358 816 4422; x_wconf 85' lang='lat' dir='ltr'>points</span> <span class='ocrx_word' id='word_1_471' title='bbox 832 4366 859 4408; x_wconf 95' lang='lat' dir='ltr'>to</span> <span class='ocrx_word' id='word_1_472' title='bbox 947 4357 982 4408; x_wconf 84' lang='lat'>16.</span> <span class='ocrx_word' id='word_1_473' title='bbox 996 4374 1096 4409; x_wconf 83' lang='lat' dir='ltr'>censeo</span> <span class='ocrx_word' id='word_1_474' title='bbox 1108 4365 1154 4408; x_wconf 84' lang='lat' dir='ltr'>ut:</span> <span class='ocrx_word' id='word_1_475' title='bbox 1173 4359 1285 4423; x_wconf 80' lang='lat' dir='ltr'>Madvig,</span> <span class='ocrx_word' id='word_1_476' title='bbox 1299 4363 1311 4416; x_wconf 75' lang='grc'><strong>5</strong></span> <span class='ocrx_word' id='word_1_477' title='bbox 1325 4355 1380 4423; x_wconf 83' lang='grc'>396,</span> <span class='ocrx_word' id='word_1_478' title='bbox 1394 4358 1448 4407; x_wconf 89' lang='lat' dir='ltr'>obs.</span> <span class='ocrx_word' id='word_1_479' title='bbox 1460 4374 1489 4422; x_wconf 88' lang='lat'>4,</span> 
     </span>
     <span class='ocr_line' id='line_1_47' title="bbox 286 4423 1475 4490; baseline -0.006 -13"><span class='ocrx_word' id='word_1_480' title='bbox 286 4425 329 4478; x_wconf 89' lang='lat' dir='ltr'>the</span> <span class='ocrx_word' id='word_1_481' title='bbox 352 4423 402 4473; x_wconf 91' lang='lat' dir='ltr'>loss</span> <span class='ocrx_word' id='word_1_482' title='bbox 425 4423 453 4474; x_wconf 89' lang='lat' dir='ltr'>ol</span> <span class='ocrx_word' id='word_1_483' title='bbox 473 4439 542 4473; x_wconf 90' lang='lat' dir='ltr'>some</span> <span class='ocrx_word' id='word_1_484' title='bbox 561 4424 651 4483; x_wconf 89' lang='lat' dir='ltr'>words,</span> <span class='ocrx_word' id='word_1_485' title='bbox 672 4423 748 4474; x_wconf 90' lang='lat' dir='ltr'>hence</span> <span class='ocrx_word' id='word_1_486' title='bbox 766 4423 859 4474; x_wconf 89' lang='lat' dir='ltr'>Soroi&#39;s</span> <span class='ocrx_word' id='word_1_487' title='bbox 911 4425 981 4490; x_wconf 85' lang='lat' dir='ltr'>gives</span> <span class='ocrx_word' id='word_1_488' title='bbox 992 4425 1034 4474; x_wconf 93' lang='lat' dir='ltr'>the</span> <span class='ocrx_word' id='word_1_489' title='bbox 1046 4426 1145 4474; x_wconf 84' lang='lat' dir='ltr'>various</span> <span class='ocrx_word' id='word_1_490' title='bbox 1159 4424 1340 4474; x_wconf 89' lang='lat' dir='ltr'>constructions</span> <span class='ocrx_word' id='word_1_491' title='bbox 1352 4423 1381 4471; x_wconf 86' lang='lat' dir='ltr'>ol</span> <span class='ocrx_word' id='word_1_492' title='bbox 1390 4440 1475 4472; x_wconf 71' lang='lat' dir='ltr'>carseo.</span> 
     </span>
     <span class='ocr_line' id='line_1_48' title="bbox 287 4485 1488 4554; baseline -0.002 -12"><span class='ocrx_word' id='word_1_493' title='bbox 287 4489 425 4553; x_wconf 88' lang='lat' dir='ltr'>conjecture</span> <span class='ocrx_word' id='word_1_494' title='bbox 455 4490 598 4538; x_wconf 84' lang='lat' dir='ltr'>‘irridendis</span> <span class='ocrx_word' id='word_1_495' title='bbox 629 4489 743 4554; x_wconf 86' lang='lat' dir='ltr'>vitiisque</span> <span class='ocrx_word' id='word_1_496' title='bbox 772 4506 859 4539; x_wconf 88' lang='lat' dir='ltr'>eorum</span> <span class='ocrx_word' id='word_1_497' title='bbox 948 4485 1488 4549; x_wconf 68' lang='lat' dir='ltr'>rungovero,‘tobesurelwi11.’Tusc.</span> 
     </span>
     <span class='ocr_line' id='line_1_49' title="bbox 286 4554 1489 4620; baseline -0.002 -15"><span class='ocrx_word' id='word_1_498' title='bbox 286 4557 391 4607; x_wconf 90' lang='lat' dir='ltr'>ridicule</span> <span class='ocrx_word' id='word_1_499' title='bbox 406 4554 557 4605; x_wconf 89' lang='lat' dir='ltr'>iudicandis&#39;</span> <span class='ocrx_word' id='word_1_500' title='bbox 576 4555 598 4604; x_wconf 90' lang='lat' dir='ltr'>is</span> <span class='ocrx_word' id='word_1_501' title='bbox 615 4555 649 4618; x_wconf 91' lang='lat' dir='ltr'>by</span> <span class='ocrx_word' id='word_1_502' title='bbox 663 4571 697 4605; x_wconf 88' lang='lat' dir='ltr'>no</span> <span class='ocrx_word' id='word_1_503' title='bbox 714 4571 798 4606; x_wconf 87' lang='lat' dir='ltr'>means</span> <span class='ocrx_word' id='word_1_504' title='bbox 815 4556 860 4604; x_wconf 88' lang='lat' dir='ltr'>im·</span> <span class='ocrx_word' id='word_1_505' title='bbox 911 4557 928 4606; x_wconf 89' lang='lat' dir='ltr'>i.</span> <span class='ocrx_word' id='word_1_506' title='bbox 951 4571 991 4619; x_wconf 82' lang='lat'>49.</span> <span class='ocrx_word' id='word_1_507' title='bbox 1017 4570 1063 4620; x_wconf 89' lang='lat'>119</span> <span class='ocrx_word' id='word_1_508' title='bbox 1086 4557 1192 4605; x_wconf 85' lang='lat' dir='ltr'>‘Habes</span> <span class='ocrx_word' id='word_1_509' title='bbox 1217 4555 1343 4619; x_wconf 88' lang='lat' dir='ltr'>epilogum</span> <span class='ocrx_word' id='word_1_510' title='bbox 1372 4570 1402 4603; x_wconf 92' lang='lat' dir='ltr'>ne</span> <span class='ocrx_word' id='word_1_511' title='bbox 1425 4556 1489 4618; x_wconf 91' lang='lat' dir='ltr'>quid</span> 
     </span>
     <span class='ocr_line' id='line_1_50' title="bbox 285 4621 1489 4690; baseline 0.003 -22"><span class='ocrx_word' id='word_1_512' title='bbox 285 4622 414 4688; x_wconf 86' lang='lat' dir='ltr'>probable.</span> <span class='ocrx_word' id='word_1_513' title='bbox 910 4621 1109 4690; x_wconf 86' lang='lat' dir='ltr'>praetermissum</span> <span class='ocrx_word' id='word_1_514' title='bbox 1127 4629 1170 4671; x_wconf 89' lang='lat' dir='ltr'>aut</span> <span class='ocrx_word' id='word_1_515' title='bbox 1185 4621 1297 4671; x_wconf 87' lang='lat' dir='ltr'>relietum</span> <span class='ocrx_word' id='word_1_516' title='bbox 1315 4627 1394 4686; x_wconf 80' lang='lat' dir='ltr'>putes.</span> <span class='ocrx_word' id='word_1_517' title='bbox 1429 4621 1489 4686; x_wconf 83' lang='lat' dir='ltr'>Ego</span> 
     </span>
    </p>
   </div>
   <div class='ocr_carea' id='block_1_5' title="bbox 0 0 1657 5036">
    <p class='ocr_par' dir='ltr' id='par_1_9' title="bbox 0 0 1657 5036">
     <span class='ocr_line' id='line_1_51' title="bbox 0 0 1657 5036; baseline 0 0"><span class='ocrx_word' id='word_1_518' title='bbox 0 0 1657 5036; x_wconf 95' lang='lat' dir='ltr'> </span> 
     </span>
    </p>
   </div>
  </div>
 </body>
</html>
