3310 5040
575 434 645 498 DE
679 434 911 500 ORATORE
941 433 991 499 II.
1320 453 1382 520 233

556 546 669 624 ..lac‘

182 625 407 708 memoriaque
422 624 530 708 dignis
546 625 680 690 consilia
696 626 850 709 primum,
867 627 988 690 deinde
1007 636 1090 706 acta,
1110 635 1226 710 postea
1246 637 1382 690 eventus

125 803 127 808 ¹
182 739 426 812 exspectentur,
442 739 474 794 et
490 730 533 793 de
553 731 695 794 consiliis
716 730 890 813 significari
908 731 988 814 quid
1005 733 1144 814 scriptor
1159 732 1274 813 probet
1296 741 1330 796 et
1349 732 1382 793 in

181 834 279 898 rebus
293 836 396 922 gestis
412 833 569 899 declarari
585 856 653 899 non
674 835 781 898 solum
800 829 880 917 quid
898 846 1011 900 actum
1034 846 1091 900 aut
1107 837 1232 900 dictum
1254 835 1305 909 sit,
1323 836 1382 898 sed
1459 841 1465 852 '

182 938 282 1000 etiam
298 959 364 1020 quo
374 939 490 1017 modo,
507 948 540 1003 et
556 960 630 1003 cum
647 940 689 1003 de
705 950 824 1003 eventu
840 940 974 1014 dicatur,
988 949 1025 1002 ut
1039 961 1159 1004 causae
1174 940 1382 1021 explicentur
1456 1005 1496 1019 Ι,
1552 1001 1566 1027 ,Α
1590 973 1619 1027 ¹2

181 1043 353 1106 omnesvel
363 1044 515 1107 casusvel
528 1045 710 1125 sapientiae
718 1044 771 1107 vel
781 1045 978 1108 temeritatis
987 1043 1226 1126 hominumque
1236 1045 1380 1126 ipsorum
1395 1066 1411 1116 5
1424 967 1555 1120 saw*
1574 1031 1591 1058 ⁹

182 1165 248 1208 non
263 1147 371 1209 solum
393 1169 443 1210 res
460 1157 582 1230 gestae,
597 1148 657 1210 sed
680 1148 789 1225 etiam,
805 1149 861 1230 qui
884 1147 973 1211 sama
994 1168 1033 1211 ac
1054 1149 1187 1210 nomine
1207 1147 1383 1225 excellant,
1434 1121 1636 1218 ³3⁰⁹*i‘⁸'‘f‘⁴

131 1262 169 1308 sa
183 1251 225 1314 de
248 1252 404 1333 cuiusque
418 1252 487 1314 vita
509 1261 609 1334 atque
626 1260 764 1332 natura;
786 1253 960 1338 verborum
973 1251 1202 1358 Cauteqrsratio
1222 1261 1255 1314 et
1277 1273 1382 1333 genus
1399 1188 1623 1337 saarim&

182 1355 338 1419 orationis
352 1355 462 1418 iusum
478 1364 578 1437 atque
598 1364 740 1420 tractum
755 1363 791 1418 et
811 1376 886 1419 cum
902 1330 1198 1437 lenitbfe'qua'tlam
1218 1355 1382 1436 aequabili
1444 1345 1601 1467 'yffi-⁸⁴.

181 1459 347 1542 profluens
369 1460 439 1522 sine
460 1458 522 1551 hac
549 1459 693 1522 iudiciali
717 1461 895 1542 asperitate
919 1469 955 1522 et
979 1460 1049 1522 sine
1073 1460 1310 1523 sententiarum
1333 1460 1382 1523 so·
1404 1465 1467 1570 ryg}
1537 1454 1545 1484 ‘

163 1564 330 1640 ,rensibus
355 1563 764 1653 aculeis-persequendum
794 1572 856 1626 est.
915 1563 1045 1626 Harum
1063 1563 1121 1628 'tot
1148 1574 1382 1646 tantarumque
1396 1546 1427 1630 lo
1470 1493 1540 1623 7)

86 1632 290 1760 scmehum
312 1667 478 1734 videtisne¹
497 1665 588 1730 nulla
604 1688 675 1730 esse
693 1676 880 1750 praecepta,
901 1688 986 1750 quae
1006 1669 1039 1730 in
1063 1668 1189 1731 artibus
1214 1667 1381 1731 rhetorum
1392 1659 1424 1734 <fr
1438 1653 1485 1728 {aa
1497 1677 1526 1730 f.
1545 1703 1556 1734 a
1575 1705 1597 1752 a¹
1605 1707 1617 1746 y

180 1769 405 1855 reperiantur?
428 1772 461 1833 in
478 1771 596 1864 eqdem
612 1771 742 1834 silentio
759 1771 863 1835 multa
878 1771 942 1834 alia
958 1782 1126 1836 oratorum
1147 1772 1254 1835 officia
1274 1773 1381 1836 iacue-
1394 1765 1535 1872 (gwy
1551 1835 1565 1878 t
1575 1835 1607 1883 y

181 1885 265 1954 runt,
282 1859 532 1952 cohortationes,
546 1885 730 1957 praecepta,
743 1875 993 1954 consolationes,
1005 1876 1282 1970 Qquae
1297 1885 1382 1941 trac·
1584 1865 1604 1884 ‘¹

147 2025 149 2028 -
181 1981 284 2044 tanda
307 1989 384 2058 sunt
405 1979 517 2041 omnia
537 1979 759 2056 disertissime,
781 1979 839 2042 sed
867 1978 977 2043 locum
1000 2000 1095 2044 suum
1117 1981 1149 2042 in
1172 1979 1223 2042 his
1247 1981 1381 2058 artibus,

130 2096 168 2144 65
181 2105 268 2167 quae
289 2085 431 2147 traditae
456 2092 540 2160 sunt,
563 2083 687 2147 habent
711 2077 1006 2181 Ql-imrdjlhtque
1029 2085 1062 2147 in
1088 2082 1151 2146 hoc
1181 2105 1301 2165 genere
1325 2083 1426 2154 illa15

181 2209 314 2271 quoque
331 2196 381 2250 est
397 2186 526 2249 infinita
541 2186 631 2262 silva,
646 2187 736 2268 quod
757 2187 878 2250 oratori
893 2186 1049 2269 plerique,
1064 2196 1102 2250 ut
1122 2188 1221 2250 etiam
1244 2185 1381 2252 Crassus

180 2291 335 2368 ostendit,
365 2291 431 2354 duo
457 2301 579 2371 genera
603 2290 646 2353 ad
678 2291 854 2353 dicendum
881 2291 1064 2383 dederunt:
1094 2311 1196 2354 unum
1223 2291 1266 2354 de
1292 2302 1391 2355 certa¹

213 2420 236 2470 8.
255 2419 379 2480 aequabili:
396 2418 456 2479 Αδγ
467 2418 622 2481 aequabiliter.
707 2430 744 2467 rr.
762 2419 829 2466 nulla
840 2359 1137 2479 Absehimff.
1223 2433 1260 2482 13.
1278 2415 1383 2467 calaorra·¹

178 2485 454 2600 qr‘qrylayyuqonsiqurltiqqes.
474 2492 604 2546 praecepta,
629 2484 763 2532 admonita:
790 2483 874 2546 ΑΒΜ
895 2483 1060 2532 cohortationes
1078 2493 1201 2546 praecepta
1223 2486 1383 2533 consolationis

1393 2209 1629 2393 hwdi²4³⁴¹

180 2657 230 2708 Ell.
243 2658 334 2708 retains
351 2656 617 2721 ‘expectantur’lrorn
631 2655 674 2704 the
686 2655 756 2706 older
807 2657 914 2720 History
932 2657 1031 2707 written
1051 2657 1076 2706 in
1097 2658 1139 2706 the
1156 2657 1219 2720 style
1241 2657 1270 2706 ol
1279 2657 1382 2706 Tacitus

179 2723 294 2780 editions,
303 2724 351 2772 Mr.
361 2723 435 2786 Roby
443 2730 487 2771 too
496 2721 579 2770 thinks
588 2722 645 2770 that
653 2721 696 2771 the
704 2721 755 2771 ind.
806 2723 927 2786 certainly
939 2723 998 2772 does
1015 2731 1060 2772 not
1077 2724 1152 2772 avoid
1165 2723 1234 2771 these
1245 2724 1326 2780 aridei,
1338 2723 1381 2771 the

182 2791 204 2838 is
215 2805 343 2851 necessary
354 2789 428 2845 here;
446 2789 491 2836 but
506 2786 609 2850 Idoubt
617 2788 647 2838 it.
682 2787 755 2837 Lam·
807 2788 910 2852 pointed
922 2789 1022 2852 sayings
1033 2789 1116 2838 which
1127 2805 1169 2837 are
1181 2796 1264 2838 meant
1277 2795 1303 2837 to
1315 2788 1381 2838 stick

178 2855 253 2904 binus
265 2855 324 2903 read
336 2861 342 2880 ‘
352 2851 434 2918 quod.'
805 2855 832 2903 in
848 2854 890 2904 the
903 2855 974 2902 mind
991 2855 1022 2903 os
1033 2855 1076 2903 the
1090 2855 1186 2918 judges.
1220 2855 1267 2919 Cp.
1284 2855 1328 2903 Or.
1342 2869 1380 2914 19.

214 2937 238 2986 4.
256 2926 386 2975 eventus,
399 2919 456 2968 ‘the
468 2915 574 2968 results.'
805 2919 836 2968 62
856 2921 960 2970 ‘horum
985 2925 1031 2982 (sc.
1058 2920 1277 2985 philosophorum)
1299 2921 1380 2970 oratio

215 3001 236 3050 5.
253 2989 300 3035 vel
317 3000 404 3044 casus,
420 2991 466 3034 etc.
484 2985 604 3048 genitives
623 2985 654 3033 of
669 2984 755 3034 delini-
805 3000 884 3050 neque
896 3001 993 3043 nervos,
1004 3001 1083 3052 neque
1098 2985 1197 3034 aculeos
1215 2986 1339 3035 oratorios
1351 3002 1381 3034 ac

180 3053 249 3101 tion:
278 3051 402 3112 ‘residing
424 3050 503 3099 either
524 3051 550 3098 in
574 3049 683 3107 chance,’
706 3058 754 3099 etc.
806 3050 909 3101 lorensis
929 3049 1037 3111 habet;'
1054 3051 1103 3100 and
1119 3051 1201 3100 below
1218 3052 1255 3100 iii.
1277 3065 1314 3099 cr.
1333 3053 1380 3112 80}

180 3119 228 3181 Cp.
245 3117 317 3166 Caes.
335 3115 366 3164 de
383 3115 445 3164 Bell.
461 3115 515 3164 Civ.
528 3115 563 3163 iii.
578 3126 606 3178 72
624 3114 755 3180 ‘parvulae
807 3120 914 3178 34138.

180 3198 270 3232 causae
281 3180 321 3230 sel
337 3180 414 3230 falsae
431 3181 580 3244 suspicionis
597 3181 638 3229 vel
655 3181 755 3228 terroris
842 3195 878 3231 11.
888 3186 973 3238 nulla,
980 3181 1043 3230 with
1051 3181 1093 3231 the
1100 3182 1166 3230 cedd.
1175 3182 1250 3229 mutili
1255 3186 1315 3230 :not
1323 3182 1380 3237 ulla,

180 3248 303 3312 repentini
320 3247 360 3294 vel
377 3247 489 3296 obiectae
512 3245 641 3309 religionis
663 3261 755 3308 magna
806 3245 849 3295 the
860 3246 963 3310 reading
980 3248 1008 3296 of
1020 3248 1063 3296 the
1079 3247 1150 3296 older
1163 3247 1270 3297 editors:
1289 3252 1379 3297 ‘vide-

179 3314 329 3363 detrimenta
346 3310 495 3361 intulerunt'
509 3312 614 3376 (quoted
629 3312 662 3374 by
673 3311 756 3375 Roby,
806 3315 880 3361 tiene
890 3310 896 3328 ’
907 3312 952 3361 has
968 3313 1010 3362 the
1021 3313 1089 3363 force
1101 3314 1204 3376 pointed
1216 3323 1260 3362 out
1272 3314 1297 3362 in
1312 3321 1324 3373 ξ
1338 3314 1380 3363 da

182 3385 273 3442 §1302
287 3377 337 3426 and
348 3378 460 3442 Nigelsb
478 3377 534 3427 Stil.
547 3394 571 3442 p.
583 3378 650 3440 275).
842 3390 879 3428 12.
896 3382 1052 3440 iacuerunt,
1080 3379 1158 3428 ‘have
1175 3379 1236 3427 been
1256 3379 1301 3428 lest
1320 3396 1379 3444 neg·

207 3446 238 3495 ¹8.
255 3448 351 3493 fusum
368 3452 453 3501 atque
470 3449 602 3499 tractum,
621 3450 695 3506 ‘easy
706 3442 756 3492 and
806 3443 904 3493 lecred:

180 3507 297 3572 flowing?
340 3509 386 3574 Cp.
412 3515 424 3569 §
448 3523 502 3574 159.
521 3509 571 3557 and
594 3509 638 3557 Or.
661 3523 699 3559 co.
723 3506 755 3556 66
835 3510 1380 3573 13.praeoepta,cdm0nita;goodinstan·

182 3576 301 3625 ‘historia
323 3576 349 3624 in
371 3591 420 3640 qua
440 3582 464 3624 et
486 3582 601 3624 narratur
622 3581 710 3624 ornate
730 3580 755 3624 et
807 3590 848 3625 ces
865 3575 895 3624 ol
904 3576 946 3626 the
957 3593 1013 3638 way
1028 3577 1053 3625 in
1066 3577 1148 3626 which
1164 3583 1220 3639 past
1237 3576 1381 3638 participles

181 3643 250 3706 regio
265 3657 338 3706 saepe
356 3649 399 3690 aut
415 3656 499 3705 pugna
515 3641 670 3695 describitur,
683 3640 755 3689 inter·
806 3657 848 3690 are
866 3640 931 3689 alten
948 3641 1022 3690 made
1041 3648 1069 3690 to
1091 3641 1124 3690 do
1147 3639 1209 3704 duty
1226 3657 1253 3689 as
1270 3642 1380 3690 abstract

179 3709 307 3772 ponuntur
319 3707 394 3756 etiam
409 3707 537 3755 contiones
549 3712 574 3754 et
584 3705 754 3754 hortationes:
807 3707 978 3755 substantives.
1001 3707 1050 3771 Cp.
1063 3706 1183 3770 Nagelsb.
1195 3722 1220 3769 p.
1236 3707 1275 3768 87.
1299 3707 1381 3755 There

179 3773 224 3822 sed
242 3773 267 3820 in
284 3772 324 3820 his
340 3778 420 3821 tracta
437 3771 559 3835 quaedam
576 3778 602 3819 et
619 3770 698 3818 fluens
716 3786 756 3818 ex·
807 3787 886 3820 seems
908 3778 934 3821 to
957 3773 988 3820 be
1006 3787 1040 3820 no
1060 3772 1132 3820 other
1151 3772 1262 3821 instance
1282 3773 1312 3822 of
1325 3773 1380 3835 ‘ad-

179 3839 282 3904 petitur,
311 3852 362 3886 non
390 3837 453 3886 haec
486 3843 602 3886 contorta
633 3841 659 3885 et
691 3836 756 3884 acris
807 3835 1123 3902 monita'=‘admonitio.'
1321 3841 1335 3857 ”

181 3901 279 3954 oratio.’
797 3887 883 3963 Ἥ
897 3905 929 3950 in
939 3906 993 3952 hoc
1004 3917 1115 3961 genere,
1135 3902 1229 3952 ‘un'der
1240 3902 1290 3952 this
1300 3902 1380 3953 head!

214 3985 239 4034 9.
258 3971 390 4024 sinebas,
402 3973 448 4016 etc.
459 3966 577 4030 virtually
584 3982 615 4016 an
623 3965 756 4030 adjectival
806 3967 853 4016 viz.
866 3968 896 4016 ol
903 3969 1002 4018 various
1013 3969 1088 4032 styles
1099 3967 1137 4016 for
1148 3968 1230 4017 which
1241 3985 1275 4017 no
1287 3968 1380 4034 special

180 4035 329 4100 expression,
345 4033 396 4082 like
412 4033 487 4082 Tuse.
500 4033 532 4081 D.
546 4033 561 4082 i.
577 4046 614 4080 22.
634 4045 662 4094 51
679 4032 757 4080 ‘haec
807 4033 872 4082 rules
892 4049 933 4082 are
955 4033 1007 4084 laid
1029 4034 1111 4082 down.
1145 4034 1199 4083 The
1222 4042 1335 4085 sentence
1359 4037 1381 4083 is

179 4101 289 4150 refutent
307 4101 358 4158 isti,
386 4099 429 4163 qui
457 4104 549 4162 negant
571 4098 682 4147 animum
704 4098 756 4146 sine
808 4098 939 4162 carelessly
966 4100 1138 4149 constructed:
1165 4117 1181 4149 a
1209 4099 1331 4151 reference
1354 4102 1380 4149 in

182 4181 286 4230 corpore
299 4173 358 4226 l‘an
376 4164 525 4213 immaterial
542 4162 625 4226 soul')
644 4179 670 4213 se
686 4161 756 4212 intel·
806 4165 909 4229 passing
924 4171 950 4214 to
966 4165 1008 4215 the
1024 4173 1075 4214 two
1092 4165 1164 4215 kinds
1182 4165 1211 4214 of
1220 4167 1347 4231 questions
1359 4167 1381 4216 is

180 4231 263 4295 legere
282 4229 370 4296 posse.'
410 4231 458 4294 Cp.
476 4237 536 4278 note
557 4246 590 4279 on
612 4234 624 4288 5
649 4244 686 4286 10,
706 4228 756 4278 and
807 4229 937 4293 expanded
961 4231 1025 4280 until
1048 4231 1137 4280 Cicero
1166 4247 1245 4280 seems
1273 4240 1301 4281 to
1327 4233 1381 4281 lose

182 4297 261 4346 Acad.
280 4297 297 4346 i.
316 4307 337 4359 7.
357 4307 386 4359 27
403 4297 469 4345 ‘sine
486 4295 538 4344 ulla
555 4295 636 4360 specie
649 4333 654 4345 .
668 4331 674 4342 .
688 4331 693 4343 .
705 4310 757 4343 ma·
807 4295 875 4359 sight
893 4296 922 4345 ol
938 4295 980 4346 the
1003 4312 1112 4362 purpose
1131 4297 1169 4345 lor
1187 4298 1269 4346 which
1290 4298 1322 4348 he
1345 4299 1379 4346 in·

183 4363 272 4412 teriam
282 4359 423 4426 quandam‚’
433 4369 439 4388 ‘
449 4377 480 4411 an
493 4359 633 4424 absolutely
644 4360 757 4410 lormless
807 4360 898 4410 tended
916 4368 942 4410 to
959 4361 1042 4412 allude
1058 4369 1086 4411 to
1102 4361 1145 4411 the
1162 4362 1277 4419 division,
1294 4363 1340 4412 viz.
1353 4370 1380 4410 to

182 4427 247 4476 kind
258 4427 287 4476 of
295 4424 399 4476 matter!
433 4427 602 4476 hac=whieh
614 4442 652 4475 we
661 4441 712 4475 nse.
806 4427 878 4490 point
893 4433 938 4475 out
955 4426 1013 4476 how
1031 4444 1079 4477 one
1096 4428 1125 4476 os
1139 4428 1182 4476 the
1199 4435 1249 4476 two
1265 4428 1339 4477 kinds
1354 4427 1383 4475 ol

216 4497 276 4542 sine
294 4494 500 4542 sententiarum
515 4495 674 4542 forensibus
691 4507 755 4541 acu·
806 4491 913 4554 subjecta
924 4491 968 4540 fall
979 4492 1072 4556 wholly
1084 4493 1162 4540 under
1173 4492 1222 4540 this
1234 4492 1307 4542 head.

181 4563 252 4608 leis:
269 4574 307 4608 we
323 4558 403 4620 might
420 4574 463 4620 say
476 4558 595 4606 ‘without
608 4557 650 4606 the
661 4556 756 4606 barbed
841 4555 879 4607 16.
897 4561 993 4606 silva:
1002 4557 1056 4618 ὕλη,
1069 4554 1212 4605 ‘materiak’

182 4623 262 4674 shasts
280 4623 309 4674 ol
327 4625 453 4688 epigrams
477 4625 502 4672 in
526 4639 568 4673 use
586 4631 612 4672 at
633 4622 674 4672 the
694 4620 755 4671 bar!
839 4625 956 4672 Occasus
968 4625 1105 4674 ostendit:
1123 4621 1289 4685 i·51·1s⁸ff·

770 4718 796 4770 R
