3286 5036
292 425 355 508 368
619 428 673 492 M.
700 427 873 493 TULLII
902 426 1167 495 CICERONIS

293 616 452 693 oratoris3
476 635 549 680 eam
571 616 707 700 singulis
728 617 876 699 personis
889 616 975 680 bene
991 619 1107 700 positis
1123 629 1238 683 notare
1253 638 1437 702 possumus,
1454 627 1493 684 ut

292 721 474 784 sententias
496 721 701 804 imaginibus,
724 721 873 785 ordinem
892 720 972 785 locis
996 723 1323 804 comprehendamus.
1369 723 1490 805 Neque
1506 741 1567 787 360

292 844 406 886 verum
418 835 477 900 est,
491 826 579 906 quod
589 826 632 888 ab
644 825 801 889 inertibus
813 826 938 897 dicitur,
951 827 1091 908 opprimi
1103 829 1296 891 memoriam
1308 828 1490 910 imaginum

293 929 438 1009 pondere
448 937 481 992 et
494 929 661 994 obscurari
671 930 771 993 etiam
783 929 826 1004 id,
838 930 929 1011 quod
942 927 1045 1011 perse
1058 939 1173 993 natura
1186 941 1298 996 tenere
1310 935 1492 1013 potuisset:

264 1047 280 1097 5
293 1032 361 1095 vidi
377 1034 464 1095 enim
480 1054 542 1115 ego
554 1052 701 1096 summos
716 1032 866 1095 homines
882 1043 914 1096 et
930 1032 1041 1096 divina
1052 1053 1154 1116 prope
1167 1035 1333 1110 memoria,
1347 1035 1493 1098 Athenis

296 1134 529 1214 Charmadam,
546 1137 579 1200 in
594 1137 687 1215 Asia,
702 1157 801 1218 quem
816 1137 926 1199 vivere
944 1136 1044 1200 hodie
1058 1139 1159 1214 aiunt,
1176 1137 1349 1220 Scepsium
1367 1139 1493 1203 Metro·

293 1240 422 1316 dorum,
446 1261 587 1322 quorum
609 1250 746 1322 uterque
769 1249 941 1322 tamquam
963 1239 1081 1304 litteris
1103 1242 1136 1302 in
1160 1261 1241 1320 cera,
1259 1243 1305 1305 sic
1326 1264 1362 1306 se
1381 1242 1495 1306 aiebat

295 1345 492 1427 imaginibus
508 1346 541 1408 in
562 1345 608 1408 eis
623 1345 711 1422 locis,
728 1365 811 1426 quos
829 1343 973 1422 haberet,
990 1365 1075 1426 quae
1090 1347 1278 1409 meminisse
1292 1346 1401 1421 vellet,
1418 1367 1492 1429 per-

295 1450 446 1514 scribere.
493 1450 568 1532 Qua
594 1470 629 1513 re
652 1449 714 1512 hac
739 1449 974 1512 exercitatione
998 1469 1064 1512 non
1087 1450 1230 1513 eruenda
1252 1452 1412 1514 memoria
1435 1459 1495 1529 est,
1578 1463 1580 1466 ’

253 1569 283 1608 10
296 1554 323 1616 si
339 1563 389 1617 est
404 1553 494 1616 nulla
510 1553 687 1630 naturalis;
709 1554 768 1616 sed
785 1562 881 1631 certe,
896 1553 923 1616 si
940 1553 1029 1630 latet,
1045 1555 1212 1617 evocanda
1227 1565 1286 1619 est.

341 1657 485 1720 Habetis
508 1677 693 1720 sermonem
716 1657 801 1720 bene
824 1656 960 1740 longum
983 1657 1133 1735 hominis,
1151 1659 1277 1722 utinam
1298 1679 1366 1722 non
1386 1658 1494 1741 impu·
1511 1678 1563 1723 361

296 1758 420 1825 dentis!
454 1760 535 1824 illud
558 1761 692 1843 quidem
715 1770 812 1837 certe,
835 1780 901 1823 non
925 1761 1022 1824 nimis
1043 1764 1240 1840 verecundi;
1266 1762 1323 1844 qui
1348 1763 1495 1844 quidem,

296 1885 371 1928 cum
387 1873 430 1943 te,
446 1864 573 1944 Catule,
589 1874 660 1928 tum
677 1865 777 1928 etiam
795 1864 834 1927 L.
849 1863 968 1928 Crasso
983 1866 1149 1941 audiente,
1163 1866 1206 1929 de
1221 1867 1353 1930 dicendi
1368 1868 1497 1931 ratione

296 1978 366 2031 tam
380 1968 484 2033 multa
496 1969 637 2032 dixerim
651 1993 658 2046 3
683 1988 760 2031 nam
776 1969 913 2031 istorum
925 1978 1017 2032 aetas
1029 1969 1138 2033 minus
1150 1990 1202 2034 me
1214 1969 1351 2033 fortasse
1364 1991 1497 2034 movere

252 2095 282 2146 ¹5
298 2072 423 2135 debuit.
458 2071 525 2136 Sed
542 2072 621 2135 mihi
637 2072 813 2153 ignoscetis
829 2071 987 2154 profecto,
1002 2072 1029 2134 si
1046 2074 1155 2150 mod0‚
1172 2095 1257 2155 quae
1272 2093 1370 2137 causa
1387 2093 1440 2137 me
1452 2075 1496 2138 ad

295 2173 380 2240 hanc
402 2176 568 2240 insolitam
591 2174 670 2238 mihi
694 2175 928 2258 loquacitatem
951 2175 1126 2259 impulerit,
1150 2174 1360 2260 acceperitis’
1406 2179 1497 2241 ‘Nos
1512 2184 1563 2250 89

295 2277 392 2358 vero,’
422 2281 529 2362 inquit
557 2279 696 2344 Catulus
726 2280 866 2344 ‘etenim
897 2300 956 2361 pro
987 2301 1041 2343 me
1064 2280 1128 2344 hoc
1152 2290 1185 2344 et
1208 2303 1267 2364 pro
1295 2303 1370 2346 meo
1397 2281 1498 2346 fratre
1511 2270 1564 2316 3⁰²

297 2386 454 2466 spondeo,
468 2405 534 2447 non
551 2385 651 2447 modo
667 2381 728 2449 tibi
744 2385 954 2466 ignoscimus
966 2385 1024 2448 sed
1040 2396 1075 2449 te
1090 2384 1258 2467 diligimus
1275 2407 1498 2468 magnamque

296 2488 357 2550 tibi
395 2488 555 2552 habemus
591 2487 754 2570 gratiam3
792 2496 826 2550 et
860 2507 935 2550 cum
964 2487 1207 2554 humanitatem
1239 2500 1273 2555 et
1303 2489 1498 2554 facilitatem

252 2623 284 2658 20
297 2593 505 2674 agnoscimus
529 2600 630 2668 tuam,
654 2600 726 2654 tum
752 2592 955 2654 admiramur
979 2593 1078 2656 istam
1103 2595 1273 2658 scientiam
1298 2603 1332 2657 et
1355 2596 1498 2676 copiam.

298 2694 464 2775 Equidem
481 2696 580 2757 etiam
595 2694 658 2758 hoc
674 2715 727 2758 me
742 2695 936 2759 adsecutum
948 2705 1037 2778 putu,
1048 2698 1137 2777 quod
1151 2718 1272 2780 magno
1284 2718 1357 2760 sum
1369 2696 1500 2760 levatus

298 2818 404 2861 errore
419 2808 453 2862 et
469 2797 524 2862 illa
539 2798 757 2861 admiratione
772 2799 937 2878 liberatus
954 2801 1043 2882 quod
1060 2800 1172 2864 multis
1187 2821 1262 2864 cum
1278 2801 1351 2864 aliis
1366 2821 1501 2882 semper

297 2902 451 2966 admirari
474 2902 631 2981 solebam,
654 2902 741 2966 unde
765 2913 851 2965 esset
875 2903 930 2965 illa
953 2913 1047 2968 tanta
1070 2914 1128 2970 tua
1147 2904 1180 2966 in
1199 2905 1305 2968 causis
1321 2905 1498 2980 divinitas;

627 3064 665 3111 18.
682 3063 781 3126 spondeo
792 3062 818 3111 K
830 3078 886 3112 cum
895 3062 967 3112 codd.
1000 3065 1123 3126 respondeo
1135 3063 1159 3112 S.

333 3210 355 3245 1.
372 3199 510 3254 personia,
522 3205 568 3247 etc.
604 3196 645 3244 ‘li
649 3212 686 3246 we
697 3212 800 3259 arrange
812 3195 872 3244 skil-
921 3211 937 3244 a
954 3197 1051 3260 general
1069 3207 1158 3259 request
1177 3203 1201 3245 ta
1219 3197 1318 3244 Crassus
1337 3197 1388 3244 ttae
1405 3195 1432 3244 lie
1449 3199 1501 3245 will

298 3261 359 3326 fully
376 3262 418 3311 the
433 3262 526 3312 several
545 3262 736 3326 representative
755 3261 872 3325 figurest’
920 3264 1018 3323 procera
1023 3272 1047 3309 to
1054 3263 1168 3310 discourse
1175 3279 1205 3310 on
1212 3261 1250 3309 tire
1260 3273 1393 3310 ornaments
1400 3264 1431 3322 of
1436 3264 1499 3321 style,

298 3327 341 3377 the
359 3328 498 3377 mnemonic
520 3328 613 3392 images
632 3344 673 3377 are
692 3327 826 3392 compared
845 3333 872 3376 to
921 3327 995 3375 which
1007 3328 1035 3374 lie
1043 3330 1155 3390 promises
1168 3339 1191 3376 to
1206 3328 1237 3375 do
1251 3328 1275 3374 in
1287 3329 1324 3376 tlte
1340 3327 1461 3388 asternoon
1473 3328 1504 3386 os
1607 3353 1608 3375 1

298 3393 341 3442 the
358 3392 466 3442 masks'
459 3409 484 3441 m
502 3393 545 3442 the
561 3393 664 3448 theatre,
681 3393 774 3442 behind
789 3393 872 3441 which
922 3394 959 3442 tha
970 3409 1032 3442 same
1044 3395 1097 3453 day
1606 3399 1607 3439 l

297 3473 362 3508 were
380 3458 421 3508 the
442 3458 504 3508 sacts
524 3475 553 3508 or
572 3457 691 3523 thoughts
709 3459 791 3508 which
813 3459 872 3522 they
958 3471 996 3507 11.
1013 3462 1123 3507 utinam
1134 3462 1386 3518 nonimpudentis,
1398 3457 1499 3507 ‘whom
1596 3467 1606 3517 ,1

297 3524 461 3588 represented.
923 3523 937 3573 I
948 3523 1014 3588 hope
1025 3539 1075 3587 yon
1086 3524 1138 3572 will
1150 3530 1193 3572 not
1204 3524 1317 3573 consider
1327 3523 1479 3574 shameless.’

330 3596 437 3646 notare,
457 3589 570 3653 impress
589 3606 656 3654 upon
665 3606 710 3640 our
728 3588 826 3649 mindsss
845 3605 873 3638 as
959 3604 997 3640 11
1015 3596 1100 3649 certe,
1113 3605 1148 3639 sc.
1160 3605 1209 3652 you
1222 3596 1288 3638 must
1300 3589 1371 3637 thmk
1383 3605 1432 3639 me

297 3655 1134 3738 111111Η11111103311111111111111111111011111111111111
1152 3661 1261 3715 aetna·
1269 3671 1353 3730 young
1369 3671 1435 3710 men.
1445 3654 1497 3704 like

297 3720 336 3768 uis
347 3728 372 3769 et
379 3720 494 3770 vocabuli
503 3721 623 3771 memoria
635 3722 742 3786 imagine
753 3719 871 3772 notatur.⁸
923 3735 968 3770 our
979 3720 1070 3770 friends
1078 3719 1161 3769 here?
1179 3731 1242 3768 aetas
1250 3720 1329 3769 varies
1340 3721 1365 3769 in
1374 3720 1406 3768 its
1415 3736 1499 3769 mean·

331 3798 354 3846 5.
371 3789 446 3834 vidi.
466 3803 506 3850 cp.
515 3787 608 3836 Introd
620 3803 645 3851 p
657 3801 694 3848 13
727 3787 778 3835 For
795 3787 872 3835 Char·
923 3787 966 3851 ing
977 3786 1038 3836 with
1049 3787 1092 3835 the
1103 3792 1209 3835 context
1233 3786 1280 3850 Cp.
1290 3787 1353 3835 Hor.
1365 3786 1443 3849 Epi
1453 3799 1474 3834 1.
1484 3801 1498 3849 3

296 3851 384 3900 madas
401 3852 449 3901 and
465 3853 622 3902 Metrodorus
640 3868 679 3916 cp.
690 3852 706 3900 i.
720 3865 758 3901 11.
771 3864 811 3914 45,
824 3852 872 3900 and
924 3859 989 3900 non
1000 3852 1111 3901 eademst
1124 3849 1205 3901 aetas'
1217 3850 1279 3900 with
1294 3858 1305 3910 5
1323 3865 1376 3911 131,
1389 3851 1477 3899 above

298 3917 373 3966 Tusc.
394 3918 450 3965 D.
443 3934 459 3966 1.
482 3931 520 3979 14.
537 3932 568 3980 59
588 3921 651 3965 ‘non
670 3932 761 3982 quaero
778 3924 873 3981 quanta
959 3918 997 3966 18.
1015 3920 1198 3976 diligimus,
1205 3933 1243 3966 we
1265 3924 1358 3966 esteem
1375 3932 1426 3980 you
1441 3931 1500 3979 very

298 3982 566 4032 memonaSrmomdes
575 3982 649 4031 iu1sse
658 3983 767 4040 d1catur
781 3988 873 4045 quanta
922 3981 1024 4045 highly'
1041 3982 1080 4030 lor
1094 3998 1156 4044 your
1168 3981 1290 4030 kmdness
1324 3983 1354 4029 In
1368 3981 1419 4030 this
1430 3996 1500 4030 sense

298 4047 468 4102 Theodectes;
491 4047 531 4110 [oi
546 4048 630 4097 whom
648 4047 734 4110 Quint
751 4047 795 4096 l..c
816 4063 873 4111 says
924 4048 953 4096 of
969 4048 1044 4111 being
1063 4047 1172 4111 obliged,
1192 4063 1272 4095 amare
1290 4045 1311 4095 is
1331 4046 1406 4094 much
1429 4061 1497 4094 more

298 4113 353 4163 that
364 4112 395 4161 he
404 4112 478 4161 could
487 4119 571 4176 repeat
581 4129 628 4174 any
634 4113 738 4160 number
749 4113 778 4160 oi
784 4128 871 4172 verses,
924 4113 1065 4176 commonly
1076 4113 1144 4161 used.

298 4193 359 4227 once
370 4178 428 4226 read
436 4186 464 4226 to
472 4177 551 4240 him]
567 4184 659 4242 quanta
670 4193 699 4232 rs
707 4151 874 4240 quiaPyrrhd
959 4193 997 4228 11.
1015 4182 1208 4236 admiratione,
1225 4175 1290 4238 858.

298 4243 395 4306 legatus
418 4243 450 4292 ad
472 4250 583 4291 senatum
602 4250 640 4291 est
658 4243 754 4302 missus,
775 4243 874 4300 Cineas,
956 4249 1051 4301 quod.
1065 4246 1223 4302 adm.irari,
1245 4257 1260 4290 1
1283 4247 1327 4290 not
1349 4255 1498 4291 uncommon

298 4260 393 4373 quganta
414 4325 492 4373 nuper
516 4308 684 4358 Charmadas:
713 4314 807 4371 quanta
832 4309 874 4372 qui
924 4308 1126 4374 pleonasmalter
1141 4279 1302 4366 admiratione,
1315 4313 1342 4355 to
1354 4308 1430 4356 avord
1445 4323 1499 4356 con·

298 4374 374 4423 modo
392 4374 445 4434 fuit,
462 4373 575 4437 Scepsius
592 4373 765 4432 Metrodorus,
782 4381 875 4438 quanta
924 4373 1215 4438 structrngadependent
1226 4379 1346 4422 sentence
1348 4372 1497 4421 asterasub

297 4447 381 4489 noster
392 4439 554 4489 Hortensius
567 4439 647 4504 [Brut.
657 4440 697 4490 88
711 4439 780 4503 301]
923 4441 1043 4488 stantive.
1061 4456 1104 4516 cp.
1113 4440 1187 4489 Tusc
1199 4439 1261 4488 Di.
1275 4451 1313 4485 11.
1326 4447 1376 4499 51
1384 4438 1498 4486 nimirum

333 4509 362 4564 §5
393 4508 526 4558 361-367
580 4505 628 4553 Tlu
661 4505 820 4554 conversation
850 4505 880 4565 of
923 4503 1104 4554 hanchabet
1081 4520 1132 4552 vim
1142 4511 1307 4584 praeceptum
1309 4503 1444 4568 Apollinis,
1450 4519 1498 4568 quo

298 4572 335 4620 tha
359 4572 442 4618 second
459 4572 546 4618 baok'
536 4587 556 4618 rs
576 4571 678 4636 brought
696 4579 720 4618 to
737 4587 753 4618 a
772 4572 831 4619 close
847 4570 874 4630 by
924 4578 1008 4619 monet
1019 4576 1047 4617 ut
1057 4584 1083 4618 se
1095 4585 1195 4634 quisque
1206 4566 1307 4618 noscat

298 4651 360 4683 some
370 4636 528 4697 comphments
537 4651 567 4685 on
575 4635 612 4685 tlte
616 4638 709 4700 partos
713 4637 818 4693 0111111
827 4637 876 4685 and
959 4648 998 4698 13.
1015 4637 1158 4697 divinitas,
1173 4635 1339 4701 §5179,298.
