3286 5036
565 431 636 501 DE
668 436 901 504 ORATORE
924 436 976 504 II.
1315 459 1376 524 311
1455 467 1458 473 ·

176 623 248 709 ipse
263 625 419 705 elaborat,
435 647 501 691 non
517 627 685 710 explicare
701 627 794 691 nobis
811 637 919 692 totum
935 648 1041 710 genus
1056 628 1120 692 hoc
1136 627 1265 692 iocandi
1281 628 1381 711 quale

176 731 219 793 sit
242 739 276 794 et
298 733 387 795 unde
404 731 563 809 ducatur3
586 733 779 813 praesertim
804 739 879 795 cum
903 741 1034 795 tantam
1056 732 1124 794 vim
1148 740 1181 795 et
1204 732 1380 796 utilitatem

177 833 255 897 salis
287 843 322 898 et
353 834 548 898 urbanitatis
582 855 654 898 esse
685 833 869 899 fateatur?'
915 834 1036 918 ‘Quid
1067 835 1114 898 si’
1143 835 1250 917 inquit
1277 836 1380 900 Iulius

110 944 163 998 2³2
178 939 365 1002 ‘adsentior
386 939 536 1002 Antonio
560 939 681 1003 dicenti
706 939 830 1001 nullam
853 959 924 1002 esse
947 948 1054 1002 artem
1077 938 1192 1004 salis?'
1224 939 1277 1004 hic
1303 961 1379 1005 cum

177 1039 343 1124 Sulpicius
367 1043 559 1118 reticuisset,
575 1041 689 1125 ‘quasi
714 1039 812 1106 vero’
839 1042 946 1124 inquit
971 1042 1108 1106 Crassus
1132 1044 1269 1107 ‘horum
1293 1047 1407 1127 ipso-5

176 1165 258 1221 rum,
272 1146 314 1210 de
329 1146 449 1229 quibus
460 1145 628 1210 Antonius
643 1147 708 1209 iam
725 1147 780 1209 diu
797 1146 950 1228 loquitur,
963 1167 1015 1210 ars
1027 1146 1094 1210 nlla
1110 1147 1171 1211 sit:
1191 1149 1380 1213 observatio

176 1251 341 1332 quaedam
356 1261 415 1330 est,
432 1260 469 1315 ut
484 1252 554 1333 ipse
569 1251 663 1329 dixit,
676 1271 789 1313 earum
806 1271 922 1329 rerum,
935 1270 1021 1331 quae
1036 1250 1069 1312 in
1085 1251 1227 1315 dicendo
1240 1251 1354 1315 valent
1370 1274 1377 1330 ;

176 1375 262 1436 quae
275 1353 311 1417 'si
334 1353 517 1437 eloquentis
540 1355 647 1418 facere
668 1364 790 1436 posset,
809 1355 882 1437 quis
901 1362 987 1418 esset
1010 1374 1076 1417 non
1100 1353 1279 1436 eloquens?
1303 1357 1378 1436 quis

176 1459 265 1522 enirn
280 1457 362 1523 haec
378 1479 444 1522 non
459 1459 511 1522 vel
530 1458 625 1522 facile
640 1457 692 1522 vel
716 1467 812 1528 certe,
824 1458 935 1540 aliquo
958 1458 1058 1522 modo
1081 1469 1193 1540 posset
1211 1457 1378 1522 ediscere?

177 1563 236 1625 sed
261 1583 323 1644 ego
348 1561 381 1624 in
410 1561 461 1625 his
493 1562 677 1645 praeceptis
708 1561 793 1626 hanc
817 1563 884 1625 vim
916 1571 950 1626 et
978 1563 1065 1626 hanc
1095 1562 1273 1626 utilitatem
1304 1583 1379 1626 esse
1392 1581 1422 1616 10

177 1664 326 1742 arbitror,
348 1687 414 1730 non
441 1676 478 1731 ut
505 1666 548 1730 ad
575 1668 805 1749 reperiendum
828 1669 919 1750 quod
942 1668 1101 1745 dicamus,
1124 1677 1195 1731 arte
1218 1667 1379 1731 ducamur

178 1769 237 1832 sed
264 1779 301 1834 ut
328 1790 376 1847 ea,
399 1791 484 1853 quae
515 1778 640 1849 natura,
668 1792 754 1853 quae
780 1773 900 1846 studio,
928 1792 1014 1853 quae
1041 1771 1277 1834 exercitatione
1300 1792 1378 1835 con·

178 1874 353 1955 sequimur,
369 1883 427 1938 aut
445 1884 535 1939 recta
550 1895 623 1938 esse
637 1874 843 1939 confidamus
858 1885 915 1939 aut
930 1896 1032 1957 prava
1047 1873 1287 1957 intellegamus,
1303 1896 1378 1939 curn
1439 1864 1441 1869 ’

111 1997 164 2044 aas
178 1999 245 2060 quo
260 1977 429 2041 referenda
444 1978 510 2041 sint
526 1977 745 2042 didicerimus.
791 1978 925 2061 Quare,
944 1979 1073 2055 Caesar,
1090 1999 1152 2060 ego
1168 1999 1301 2061 quoque
1315 1978 1379 2042 hoc

178 2102 198 2144 a
214 2090 248 2144 te
263 2089 351 2163 pet0,
366 2091 413 2159 ut,
428 2082 456 2144 si
471 2082 531 2144 tibi
547 2081 686 2159 videtur,
704 2084 854 2164 disputes
874 2084 917 2147 de
936 2083 1000 2147 hoc
1020 2091 1093 2146 toto
1113 2083 1243 2146 iocandi
1259 2102 1378 2164 genere
1394 2099 1424 2151 1⁵

147 2269 150 2276 .
178 2186 259 2268 quid
275 2187 408 2261 sentias,
425 2206 467 2249 ne
489 2205 555 2268 qua
577 2185 662 2249 forte
684 2186 814 2250 dicendi
837 2207 923 2269 pars,
938 2187 1095 2269 quoniam
1110 2187 1157 2250 ita
1172 2185 1328 2262 voluistis,
1345 2187 1379 2248 in

178 2289 242 2353 hoc
269 2289 327 2353 tali
351 2299 447 2354 coetu
472 2298 574 2372 atque
597 2290 630 2352 in
654 2299 724 2353 tam
748 2291 906 2355 adcurato
930 2311 1082 2355 sermone
1107 2291 1283 2372 praeterita
1308 2310 1379 2352 esse

178 2390 351 2458 videatur.’
395 2394 489 2476 ‘Ego
503 2391 601 2472 ver0‚'
617 2395 723 2476 inquit
738 2395 793 2458 ille
808 2396 982 2478 ‘quoniam
998 2395 1183 2459 conlectam
1198 2415 1218 2456 a
1233 2385 1388 2472 conviva,

181 2496 308 2575 Crasse,
324 2499 440 2579 exigis,
455 2518 521 2561 non
545 2499 761 2578 committam,
773 2508 818 2576 ut,
834 2502 861 2563 si
877 2499 1067 2581 defugerim,
1082 2518 1216 2562 causam
1232 2498 1379 2579 aliquam

179 2603 350 2666 recusandi
370 2601 430 2665 tibi
451 2601 537 2679 dem,
553 2622 753 2684 quamquam
776 2603 865 2667 soleo
886 2624 986 2686 saepe
1005 2602 1114 2666 mirari
1136 2622 1249 2665 eorum
1270 2602 1377 2684 impu·
1394 2624 1425 2662 ro

179 2707 337 2778 dentiam,
365 2706 420 2788 qui
451 2714 555 2787 agunt
583 2705 618 2768 in
643 2725 742 2771 scena
771 2716 903 2789 gestum
932 2715 1105 2790 spectante
1131 2705 1273 2783 Roscio;
1305 2705 1378 2788 quis

179 2810 268 2875 enim
283 2830 356 2873 sese
371 2830 578 2874 commovere
596 2819 714 2893 potest,
730 2811 821 2874 cuius
844 2809 899 2874 ille
916 2813 996 2875 vitia
1017 2831 1084 2874 non
1098 2809 1231 2876 videat?
1255 2811 1301 2874 sic
1316 2831 1378 2892 ego

180 2934 275 2991 nunc,
292 2913 411 2978 Crasso
432 2914 596 2991 audiente,
612 2915 754 2996 primum
777 2915 894 2998 loquar
911 2916 954 2979 de
976 2915 1103 2980 facetiis
1119 2922 1153 2978 et
1169 2915 1295 2978 docebo
1314 2934 1378 2992 sus,

180 3029 217 3081 ut
232 3017 333 3094 aiunt,
345 3025 509 3080 oratorem
525 3038 609 3095 eum,
619 3039 718 3100 quem
733 3039 808 3082 cum
822 3018 961 3083 Catulus
977 3039 1082 3100 nuper
1097 3017 1255 3093 audisset,
1266 3016 1379 3080 fenum

183 3165 204 3202 1.
223 3152 264 3202 hoc
275 3154 369 3203 iocundi
379 3167 429 3202 om.
442 3151 482 3202 K:
493 3153 535 3201 loc
548 3153 641 3202 iocandi
651 3153 780 3269 qualetom.
793 3153 882 3269 Αέὶὲγ.
895 3160 943 3203 ete.

688 3233 723 3283 op
736 3236 756 3270 .:
774 3237 811 3284 qur
867 3257 873 3270 .

1055 3168 1093 3204 11.
1111 3156 1174 3218 quod
1184 3152 1227 3203 KS
1238 3169 1295 3206 cum
1306 3154 1386 3210 codd,

217 3341 238 3377 1.
256 3329 397 3378 elaborat:
414 3329 429 3377 i.
443 3337 506 3393 5.19
519 3327 607 3390 (note).

186 3396 338 3521 532.qu
359 3408 445 3445 vero:
472 3398 484 3452 5
508 3403 548 3459 97.
581 3396 643 3453 ipse
666 3396 756 3444 dixit:

807 3328 957 3385 tenderet‚nt
965 3327 1132 3393 propinquum
1143 3343 1215 3377 suum
1222 3326 1381 3377 defenderem

806 3394 870 3442 mihi
880 3394 1025 3458 perdifficile
1036 3410 1090 3444 esse
1102 3401 1188 3444 contra
1200 3395 1258 3443 talis
1270 3399 1380 3442 oratores

806 3475 855 3509 non
871 3459 949 3509 modo
966 3467 1062 3510 tantam
1079 3475 1180 3509 causam
1197 3474 1318 3524 perorare,
1337 3459 1380 3508 sed

182 3526 668 3656 ..annuissemus
679 3526 757 3654 nr

186 3668 257 3768 Uib.
274 3723 306 3769 in
316 3725 370 3770 hoe
380 3724 432 3770 tali
443 3727 533 3782 coetu,
546 3721 586 3770 ‘in
598 3738 614 3771 a
625 3727 698 3786 party
705 3721 758 3772 like

183 3785 227 3836 the
243 3794 342 3852 present
355 3786 377 3836 ι’
402 3790 536 3836 adnotato
559 3787 697 3851 ‘carefully
720 3801 757 3838 ar·

184 3851 290 3916 ranged'
303 3853 365 3901 with
380 3869 395 3902 a
411 3853 474 3901 view
486 3859 512 3901 to
523 3868 607 3902 secure
624 3853 757 3917 complete·

184 3933 241 3966 neas
252 3917 282 3967 of
294 3924 425 3968 treatment
437 3917 467 3968 of
480 3917 514 3967 all
526 3925 593 3982 parts
604 3917 633 3968 of
647 3918 690 3968 the
701 3919 758 3968 sub-

181 3981 241 4046 ject.

221 4050 258 4097 18.
278 4047 558 4110 consummarunt:
575 4049 618 4098 the
634 4049 759 4099 contribu-

185 4114 240 4164 tion
251 4114 370 4178 expected
387 4115 416 4164 of
430 4115 491 4164 each
510 4131 568 4164 man
580 4123 676 4179 present
688 4123 715 4165 at
727 4131 759 4165 an

186 4177 266 4244 ἔρανος
284 4181 350 4239 (canu
367 4181 504 4242 collaticia).

221 4258 259 4310 19.
275 4250 532 4297 nonoommittam:
552 4251 563 4306 5
580 4244 618 4296 16.

222 4324 261 4359 21.
274 4318 360 4370 agunt
368 4319 487 4370 gestum:
499 4319 579 4362 notas
588 4312 758 4362 Pid.‘ventnre

186 4392 246 4427 even
263 4384 290 4426 to
307 4393 379 4427 move
396 4395 411 4427 a
427 4378 511 4439 band,’
522 4379 568 4428 bnt
579 4379 704 4444 generally
715 4386 721 4406 ⁴
732 4385 760 4427 to

187 4444 255 4494 act':
273 4457 312 4506 cp.
324 4444 410 4506 Quint.
422 4445 456 4494 xi.
469 4459 492 4507 3.
505 4459 536 4507 14
549 4445 646 4494 ‘omnis
658 4445 723 4494 actio
734 4445 761 4494 in

187 4509 250 4559 duas
270 4516 352 4575 partes
374 4510 461 4565 divisa.
479 4525 566 4559 vocem
582 4509 759 4574 gestumque:’

111 4609 119 4624 .
187 4591 234 4640 pro
257 4575 341 4638 Quint.
371 4588 408 4638 24.
434 4584 463 4637 77
487 4575 621 4625 ‘dicebam
644 4575 702 4624 huie
730 4576 761 4638 Q.

188 4641 282 4690 Roscio
299 4655 356 4690 cum
373 4657 389 4691 a
405 4655 445 4690 me
456 4647 550 4705 peteret
561 4648 586 4691 et
598 4656 693 4690 summe
704 4656 762 4690 con-

807 3527 909 3576 omnino
937 3527 1041 3574 verbum
1074 3525 1153 3574 facere
1187 3525 1289 3580 eonari;
1324 3539 1380 3572 enm

807 3591 921 3655 cupidius
945 3591 1055 3647 instaret,
1075 3591 1173 3640 homini
1197 3607 1243 3655 pro
1269 3589 1380 3638 amicitia

806 3656 953 3707 familiarius
962 3657 1021 3711 dini¹
1031 3655 1092 3705 mihi
1104 3656 1183 3705 videri
1195 3671 1238 3704 ore
1248 3654 1380 3704 durissimo

807 3737 867 3778 esse,
895 3722 938 3786 qui
966 3727 1094 3785 praesente
1123 3737 1154 3771 eo
1181 3727 1279 3785 gestum
1307 3735 1381 3783 agere

807 3787 952 3846 conaretur!
986 3787 1038 3836 For
1055 3788 1167 3848 Roscius,
1187 3802 1228 3836 see
1244 3787 1262 3835 i.
1281 3791 1380 3848 55124,

810 3858 1059 3917 129‚132‚251‚etc.

844 3931 882 3980 23·
893 3921 1023 3977 primum,
1035 3918 1089 3967 ‘for
1095 3917 1137 3966 the
1143 3917 1196 3967 first
1208 3916 1283 3974 time:
1293 3915 1382 3981 imply-

809 3984 852 4047 ing
870 3984 925 4033 that
945 3984 987 4032 the
1006 3985 1101 4044 subJect
1120 3984 1171 4032 had
1187 3992 1232 4033 not
1249 3983 1311 4032 been
1328 3998 1381 4047 pre·

808 4050 907 4114 vionsly
928 4050 1054 4098 discussed
1073 4050 1098 4098 iu
1117 4049 1198 4098 Latin.
1232 4049 1295 4098 This
1315 4048 1381 4098 force

809 4114 838 4166 of
849 4118 953 4177 primum
971 4116 992 4164 is
1012 4115 1071 4179 only
1089 4115 1166 4163 found
1182 4114 1263 4163 where
1280 4115 1348 4163 there
1359 4114 1382 4163 is

807 4197 878 4230 some
901 4180 973 4230 other
995 4182 1137 4246 expression
1160 4180 1190 4230 of
1207 4181 1268 4230 time
1291 4181 1317 4228 in
1339 4180 1382 4229 the

809 4255 937 4308 sentence;
957 4247 1034 4297 hence
1051 4247 1071 4296 it
1086 4254 1152 4297 must
1164 4247 1196 4296 be
1215 4245 1308 4311 closely
1324 4260 1382 4295 con·

808 4312 897 4364 nected
908 4312 969 4364 with
981 4312 1076 4363 ‘nunc’

842 4394 899 4438 sus,
912 4383 945 4427 ut
959 4382 1048 4434 aiunt,
1060 4383 1216 4428 oratorem:
1233 4393 1264 4425 an
1277 4375 1380 4439 adapta·

811 4445 865 4494 tion
878 4443 907 4492 of
914 4443 956 4493 the
968 4444 1073 4508 proverb
1083 4450 1137 4492 'sus
1147 4443 1285 4490 Minervam
1293 4438 1382 4488 docet.’
1446 4479 1448 4486 .

812 4511 866 4560 One
897 4509 979 4558 editor
1007 4509 1135 4571 (Schuetz)
1152 4507 1198 4556 has
1223 4507 1283 4554 been
1305 4503 1383 4552 found

811 4575 917 4638 capable
934 4574 963 4623 of
976 4575 1102 4638 thrusting
1114 4581 1119 4599 ‘
1129 4571 1281 4621 Minervam’
1300 4571 1327 4616 de
1343 4587 1383 4618 sno

811 4640 866 4690 into
883 4639 933 4692 this
950 4643 1069 4704 passagel
1102 4639 1149 4706 Cp.
1168 4639 1232 4689 Fest.
1249 4652 1274 4703 p.
1288 4649 1335 4702 310
1347 4635 1383 4686 M.
