3286 5036
280 626 446 690 interdurn
469 624 575 706 magis
596 633 761 706 sequatur,
776 625 876 688 videt.
922 625 1101 700 Nemoest
1115 623 1216 699 enim,
1231 623 1422 706 praesertim
1447 621 1482 684 in

280 737 351 793 tam
374 728 460 792 clara
482 730 625 804 civitate,
642 729 722 810 quin
745 736 841 811 putet
863 728 1088 810 expetendam
1111 729 1259 791 maXIme
1274 728 1482 810 dignitatem,

280 834 338 898 sed
354 833 456 896 vincit
477 832 602 896 utilitas
625 832 830 914 plerumque,
846 852 922 895 cum
937 831 1051 895 subest
1072 831 1128 895 ille
1146 833 1246 895 timor
1265 852 1304 894 ea
1327 830 1481 912 neglecta
1608 840 1609 922 l

280 958 322 1000 ne
342 937 545 1019 dignitatem
569 936 705 1017 quidem
730 956 828 1018 posse
854 935 993 1000 retineri.
1040 934 1271 1000 Controversia
1294 944 1405 997 autem
1428 941 1481 995 est
1493 949 1541 994 aas
1608 925 1609 964 l

252 1055 267 1105 5
281 1043 365 1106 inter
375 1041 547 1103 hominum
562 1039 741 1102 sententias
756 1047 815 1101 aut
831 1038 864 1100 in
880 1038 944 1116 illo,
957 1049 1067 1103 utrum
1083 1040 1126 1102 sit
1140 1038 1251 1102 utilius
1265 1064 1272 1116 ;
1295 1047 1353 1101 aut
1369 1038 1481 1115 etiam,

281 1166 356 1209 curn
372 1146 405 1208 id
421 1144 583 1218 convenit,
596 1152 749 1219 certatur,
761 1151 870 1205 utrum
886 1143 1052 1206 honestati
1067 1143 1178 1225 potius
1193 1163 1236 1206 an
1252 1141 1385 1204 utilitati
1402 1161 1479 1204 con-

280 1249 455 1312 sulendum
479 1248 540 1324 sit;
563 1267 648 1328 quae
673 1247 750 1327 quia
775 1266 922 1328 pugnare
948 1246 1032 1310 inter
1055 1267 1091 1309 se
1117 1267 1216 1328 saepe
1239 1246 1400 1324 videntur,
1423 1247 1483 1326 qui

281 1353 458 1416 utilitatem
474 1350 638 1426 defendet,
651 1348 857 1412 enumerabit
872 1351 1048 1413 commoda
1063 1351 1162 1433 pacis,
1176 1371 1289 1432 opum,
1301 1350 1482 1431 potentiae,

280 1455 499 1537 vectigalium,
515 1454 668 1536 praesidii
685 1452 837 1530 militurn,
853 1464 1036 1516 ceterarum
1052 1473 1168 1532 rerum,
1183 1474 1323 1536 quarum
1339 1453 1483 1517 fructum

238 1585 269 1621 10
282 1560 424 1623 utilitate
454 1559 618 1631 metimur,
647 1558 795 1638 itemque
821 1558 1032 1620 incommoda
1058 1559 1316 1634 contrariorum3
1350 1558 1407 1639 qui
1437 1558 1483 1620 ad

282 1663 480 1744 dignitatem
509 1660 667 1743 impellet,
700 1661 862 1723 maiorum
893 1659 1056 1742 exempla,
1086 1681 1173 1742 quae
1202 1668 1297 1724 erunt
1322 1660 1375 1723 vel
1404 1681 1483 1723 cum

281 1766 425 1848 periculo
453 1765 605 1848 gloriosa,
627 1764 778 1846 conliget,
807 1764 1010 1844 posteritatis
1037 1763 1259 1827 immortalem
1286 1765 1482 1826 memoriam

282 1870 428 1952 augebit,
444 1868 620 1952 utilitatem
636 1889 680 1931 ex
696 1868 794 1931 laude
814 1869 903 1931 nas‘ci
926 1867 1084 1930 defendet
1102 1887 1298 1950 semperque
1314 1887 1388 1930 earn
1404 1886 1482 1929 cum

282 1975 445 2055 dignitate
460 1993 531 2035 esse
550 1971 766 2034 coniunctam.
813 1970 881 2035 Sed
902 1971 981 2054 quid
1004 1970 1073 2033 fieri
1096 1973 1201 2053 possit
1215 1979 1274 2040 aut
1289 1991 1354 2033 non
1376 1972 1482 2051 possit
1495 1987 1546 2033 aas

238 2098 267 2149 ¹5
282 2077 429 2158 quidque
445 2079 546 2140 etiarn
562 2076 604 2138 sit
620 2095 754 2139 necesse
775 2083 835 2138 aut
852 2096 918 2138 non
940 2076 990 2152 sit,
1006 2076 1039 2137 in
1062 2084 1201 2157 utraque
1216 2095 1251 2137 re
1267 2074 1414 2137 maxime
1429 2083 1484 2137 est
1611 2059 1612 2070 ί

282 2182 524 2264 quaerendum3
540 2181 694 2244 inciditur
704 2181 791 2244 enirn
801 2180 909 2243 omnis
920 2175 1016 2268 [iam]
1027 2180 1227 2259 deliberati0,
1240 2181 1267 2243 si
1280 2179 1484 2260 intellegitur

281 2305 347 2348 non
362 2304 460 2367 posse
480 2283 550 2346 fieri
570 2292 629 2347 aut
649 2285 675 2346 si
697 2285 873 2347 necessitas
897 2283 1064 2362 adfertur3
1088 2293 1120 2348 et
1143 2285 1199 2366 qui
1223 2284 1256 2346 id
1278 2283 1390 2347 docuit
1413 2303 1481 2344 non

281 2389 468 2452 videntibus
480 2387 561 2464 aliis,
572 2389 600 2450 is
612 2387 789 2469 plurimum
801 2388 893 2451 vidit.
916 2387 974 2450 Ad
987 2388 1159 2452 consilium
1171 2398 1282 2452 autem
1295 2388 1338 2450 de
1351 2408 1385 2450 re
1397 2388 1482 2468 pub·
1494 2405 1543 2454 337

280 436 343 522 358
524 439 531 456 ⁸
613 437 666 502 M.
694 436 868 501 TULLII
887 433 1152 503 CICERONIS

238 2617 269 2652 ιο
282 2592 495 2676 probabiliter
506 2614 603 2656 nosse
615 2615 722 2656 mores
735 2594 887 2669 civitatis,
899 2598 956 2676 qui
968 2597 1046 2676 quia
1058 2596 1169 2658 crebro
1186 2604 1365 2670 mutantur,
1375 2614 1482 2676 genus

282 2718 415 2780 quoque
431 2698 587 2760 orationis
608 2707 658 2761 est
682 2717 781 2778 saepe
806 2699 1022 2777 mutandum3
1047 2709 1081 2763 et
1102 2719 1305 2781 quamquam
1326 2719 1392 2762 una
1413 2697 1483 2760 iere

331 2827 354 2876 8.
372 2825 476 2886 desendet
486 2823 510 2873 S.
522 2825 623 2885 defendit
633 2825 679 2872 KP
691 2840 748 2874 cum
760 2825 833 2873 codd.
920 2840 957 2875 11.
975 2827 1075 2889 impellet
1085 2826 1110 2875 S.
1122 2826 1220 2888 impellit
1231 2825 1278 2874 KP
1291 2841 1348 2874 eum
1359 2823 1432 2874 codd.

586 2889 623 2940 16.
642 2891 690 2938 inm
702 2906 752 2939 om.
764 2891 790 2939 K
803 2907 860 2940 curn
872 2891 963 2947 ABbZ,
974 2891 1058 2942 nescio
1070 2908 1102 2940 an
1113 2899 1187 2942 recte.

281 2491 344 2554 lica
364 2491 512 2554 dandum
529 2500 628 2572 caput
644 2500 694 2554 est
710 2511 808 2553 nosse
830 2511 899 2554 rem
923 2490 1112 2572 publicam3
1135 2492 1178 2554 ad
1202 2491 1379 2554 dicendum
1401 2509 1482 2552 vero

312 3013 337 3058 3.
347 3001 446 3054 vineit,
462 2997 549 3060 ‘gaius
566 2998 609 3048 the
625 3013 703 3062 upper
719 2995 816 3046 handz'
828 2997 860 3048 de

282 3063 330 3114 Oli.
342 3063 376 3114 iii.
389 3080 412 3127 4.
428 3078 456 3126 ιο
469 3063 542 3112 ‘vicit
559 3080 618 3128 ergo
635 3063 729 3112 utilitas
746 3063 861 3111 honesta·

284 3131 353 3181 tem?
383 3130 461 3179 immo
488 3144 547 3178 vero
574 3129 689 3178 honestas
711 3128 860 3189 utilitatem3

282 3196 437 3245 honestatem
449 3194 543 3242 utilitas
554 3202 639 3245 secuta
648 3191 701 3246 est.'

317 3274 340 3323 5.
352 3265 426 3309 inter
437 3263 584 3310 hominum
596 3262 759 3314 sententiar,
772 3275 787 3307 a
797 3258 860 3323 peri-

283 3325 393 3394 phrastic
403 3325 544 3392 expression
555 3325 593 3374 lor
604 3325 682 3374 ‘inter
692 3322 819 3373 homines.’

318 3393 341 3441 8.
359 3394 507 3441 defendet:
536 3390 608 3440 MSS.
626 3391 738 3449 defendit:
761 3389 859 3440 Sorof's

285 3456 422 3506 correction
445 3457 627 3520 is.necessary;
651 3454 780 3504 otherwise
800 3456 859 3519 ‘qui

284 3522 419 3572 utilitatem
441 3519 565 3571 defendit'
588 3521 673 3570 would
700 3536 773 3568 mean
800 3521 859 3571 ‘the

284 3604 343 3636 man
361 3588 419 3636 who
437 3588 458 3636 is
479 3588 570 3651 always
589 3604 604 3636 a
622 3585 757 3651 champion
774 3586 803 3635 os
817 3603 858 3636 ex-

285 3652 421 3717 pediency,’
431 3660 483 3708 not,
498 3670 525 3702 as
536 3654 579 3702 the
590 3668 658 3701 sense
672 3652 789 3716 requires,
799 3653 857 3702 ‘the

285 3735 342 3768 man
353 3719 411 3767 who
423 3735 455 3767 on
467 3735 514 3783 any
530 3719 645 3768 occasion
657 3719 678 3766 is
690 3716 838 3782 delending.’

318 3801 341 3848 9.
358 3788 493 3841 praesidii
506 3788 636 3844 militum,
649 3783 705 3833 ‘the
716 3785 856 3850 protection

286 3849 395 3898 afforded
407 3851 439 3914 by
451 3866 482 3898 an
495 3851 580 3913 army!

321 3930 358 3966 10.
371 3919 590 3964 contrariorum:
601 3922 687 3964 neuter
699 3931 727 3964 as
739 3915 765 3963 in
777 3920 789 3974 ξ
803 3929 859 3977 331.

286 4046 310 4094 h.
321 3995 359 4030 11.
376 3995 447 4038 quae
457 3986 548 4041 erunt,
562 3981 659 4030 ‘which
671 3997 730 4048 may
741 3995 816 4030 occur
832 3987 859 4029 to

305 4045 355 4094 rm!

322 4125 360 4171 13.
377 4114 498 4170 augebit,
511 4110 557 4160 ‘he
570 4111 624 4160 will
635 4110 746 4175 magnisy
758 4110 800 4158 the
814 4109 859 4157 inr-

287 4183 406 4262 portante
423 4175 452 4225 ol
459 4175 478 4224 :’
494 4192 534 4240 cp.
544 4177 561 4224 i.
576 4190 613 4226 21.
623 4191 656 4241 94
669 4181 774 4240 ‘augere
786 4182 860 4238 atque
876 4219 880 4227 .

287 4257 380 4292 ornare.

323 4320 360 4370 14.
380 4310 517 4365 seuquid
533 4310 596 4357 fleri
613 4307 717 4363 possit:
734 4305 798 4354 irom
815 4305 859 4355 Ar.

287 4373 362 4424 Rhet.
374 4374 391 4424 i.
403 4390 427 4437 4.
441 4388 453 4421 π
467 4371 514 4422 ὅσα
530 4373 556 4421 δὲ
569 4375 594 4434 if
611 4369 718 4434 ἀνάγκης
733 4370 749 4430 ἢ
765 4366 859 4430 ίσπίνῆ

288 4437 357 4488 ἔσται
369 4440 385 4500 ἢ
400 4439 518 4488 ἀδύνατον
534 4436 595 4487 εἶναι
607 4435 623 4498 ἡ
634 4436 755 4500 γενέσθαι,
767 4434 817 4497 περί
833 4435 859 4482 δὲ

288 4503 382 4552 τούτων
387 4507 430 4554 οὐκ
436 4503 488 4553 ίστι
493 4503 627 4564 συμβουλή,
638 4501 753 4567 repeated
761 4500 784 4548 in
794 4501 859 4551 Part.

292 4570 336 4619 Or.
351 4586 388 4634 ²4·
398 4572 429 4633 83
441 4578 492 4620 ‘est
504 4571 580 4634 igitur
590 4570 615 4618 in
627 4566 788 4618 deliberando
803 4566 861 4614 finis

289 4634 393 4694 utilitas,
407 4635 438 4683 ad
450 4650 523 4698 quem
535 4636 570 4682 ita
585 4634 718 4683 referantur
733 4632 817 4681 omnia
833 4632 859 4680 in

290 4701 396 4750 consilio
413 4700 495 4749 dando
513 4699 680 4764 sententiaque
702 4697 813 4753 dicenda,
832 4703 860 4746 ut

910 2997 955 3049 illa
965 2998 1046 3062 prima
1064 2998 1113 3050 sint
1130 2998 1224 3049 suasori
1242 3004 1285 3047 ant
1301 2997 1434 3047 dissuasori
1446 2998 1485 3045 vi-

910 3063 998 3122 denda,
1008 3064 1067 3130 quid
1076 3070 1120 3114 aut
1130 3065 1209 3127 possit
1221 3063 1274 3114 fieri
1283 3070 1383 3112 autnon
1395 3063 1484 3127 possit.

910 3135 935 3176 et
948 3129 1007 3193 quid
1024 3137 1068 3177 aut
1083 3145 1182 3180 necesse
1199 3130 1231 3178 sit
1248 3136 1291 3178 aut
1308 3145 1358 3178 non
1374 3144 1483 3178 necesse.

910 3193 978 3242 Nam
996 3200 1029 3250 et.
1048 3195 1069 3244 si
1089 3195 1149 3258 quid
1170 3194 1233 3243 effici
1254 3210 1304 3243 non
1327 3201 1418 3259 potest,
1440 3193 1484 3242 de·

910 3259 1027 3308 liberatio
1045 3259 1148 3319 tollitur,
1167 3261 1278 3325 quamvis
1297 3261 1359 3309 utile
1376 3260 1424 3317 sit;
1446 3265 1481 3319 et,

910 3324 932 3373 si
944 3325 1003 3389 quid
1014 3341 1112 3374 necesse
1123 3332 1290 3375 est-necesse
1302 3333 1385 3374 autem
1397 3323 1422 3372 id
1435 3331 1482 3379 est,

909 3391 963 3440 sine
972 3407 1022 3456 quo
1033 3390 1095 3440 salvi
1107 3390 1209 3439 liberive
1220 3406 1334 3439 essenon
1346 3405 1481 3455 possumus

908 3456 968 3504 -id
979 3464 1017 3505 est
1030 3456 1130 3520 reliquis
1144 3462 1169 3504 et
1184 3455 1356 3505 honestatibus
1372 3455 1396 3503 in
1410 3455 1482 3505 civili

908 3523 1003 3572 ratione
1015 3528 1040 3572 et
1052 3521 1190 3571 commodis
1202 3519 1418 3588 anteponendum!

943 3586 981 3636 16.
997 3590 1141 3645 inciditur,
1155 3593 1211 3636 ‘cut
1222 3587 1290 3636 short
1299 3585 1318 3635 ι’
1332 3586 1395 3635 Hor.
1405 3585 1453 3648 Ep.
1463 3585 1481 3634 i.

909 3666 947 3714 14.
960 3652 992 3714 36
1009 3661 1068 3702 ‘nec
1085 3653 1174 3702 lusisse
1191 3652 1275 3716 pudet,
1292 3652 1336 3701 sed
1352 3666 1402 3699 non
1419 3650 1481 3698 inci·

907 3718 963 3766 dere
974 3717 1077 3767 ludum.'

938 3787 1002 3842 iam,
1025 3790 1066 3832 ‘at
1090 3783 1166 3839 once,’
1184 3783 1291 3836 without
1312 3799 1360 3847 any
1387 3781 1483 3832 further

908 3850 1028 3912 question.

944 3928 981 3977 19.
998 3917 1147 3970 eaputest:
1166 3913 1209 3963 Ar.
1221 3913 1295 3962 Rhet.
1304 3913 1321 3962 i.
1333 3915 1357 3962 8.
1371 3926 1381 3960 1
1395 3911 1482 3976 μέγισ-

909 3995 952 4032 τον
972 3979 997 4026 δὲ
1017 3977 1056 4026 καί
1075 3977 1224 4039 κυριώτατον
1244 3977 1356 4026 ἁπάντων
1372 3978 1430 4041 πρὸς
1450 3979 1481 4028 τὸ

909 4042 1020 4092 δύνασθαι
1036 4041 1124 4092 πείθειν
1141 4043 1182 4092 nal
1198 4044 1278 4092 καλῶς
1294 4044 1481 4106 συμβουλεύειν,

909 4107 952 4156 τὰς
960 4107 1080 4158 πολιτείας
1090 4107 1181 4158 ἁπάσας
1191 4109 1280 4164 λαβεῖν
1288 4109 1327 4158 nui
1338 4109 1370 4158 τὰ
1378 4109 1482 4173 ἑκάστης

909 4171 951 4234 leq
979 4173 1018 4222 nui
1037 4173 1126 4235 νόμιμα
1148 4175 1190 4223 nal
1209 4176 1365 4238 συμφέροντα
1384 4175 1479 4224 διελεῖν·

910 4238 1028 4288 πείθονται
1040 4238 1089 4302 γὰρ
1099 4238 1201 4289 ἅπαντες
1209 4245 1243 4303 τῷ
1254 4240 1409 4304 συμφέροντι,
1420 4259 1480 4302 σομ-

908 4302 975 4368 φέρει
988 4304 1013 4354 δὲ
1025 4303 1055 4352 τὸ
1067 4305 1143 4368 σῶζον
1153 4305 1200 4366 τὴν
1211 4306 1341 4356 πολιτείαν.

945 4385 983 4421 ro.
1000 4374 1132 4431 civitatis,
1147 4372 1190 4422 ‘ol
1197 4372 1239 4421 the
1252 4370 1380 4422 citizens?
1399 4373 1479 4422 Acad.

909 4435 936 4484 ii.
959 4451 999 4500 45.
1026 4447 1071 4499 137
1096 4441 1159 4486 ‘non
1184 4438 1348 4488 dubitavisset
1375 4439 1434 4501 quin
1456 4446 1481 4486 et

909 4509 1009 4566 praetor
1026 4503 1069 4551 ille
1086 4511 1150 4553 esset
1165 4511 1190 4554 et
1207 4504 1290 4554 Roma
1306 4505 1372 4562 urbs,
1384 4510 1409 4551 et
1425 4519 1481 4553 earn

909 4567 997 4616 civitas
1008 4569 1140 4618 incoleret!

944 4645 982 4680 11.
994 4639 1206 4694 ennumquam,
1214 4641 1260 4685 ete.
1278 4634 1351 4683 ‘And
1358 4632 1482 4696 although

910 4696 952 4746 the
974 4697 1089 4747 essential
1109 4697 1237 4749 character
1258 4698 1288 4752 of
1304 4700 1436 4765 eloquente
1458 4699 1480 4748 is
