3286 5036
580 450 651 516 oa
676 450 909 518 orni-one
930 450 980 518 [ι.
1317 463 1379 537 307

180 639 362 705 orationem
388 637 564 724 legendam
592 638 746 720 dedisset,
770 640 865 705 alteri
896 638 938 705 de
968 639 1041 724 lege
1072 639 1217 721 Servilia,
1244 650 1379 707 etcum

180 745 341 809 contraria
364 745 448 809 inter
469 765 542 808 sese
564 746 606 809 de
629 765 664 808 re
684 744 815 827 publica
837 746 946 827 capita
969 745 1170 823 contulisset,
1193 755 1304 810 noster
1324 746 1379 809 hic

2 883 3 898 .
104 837 108 842 ¹
179 848 378 912 facetissime
393 851 451 912 tris
466 850 570 931 patris
586 849 678 913 Bruti
697 849 739 912 de
759 849 829 911 iure
850 849 935 912 civili
957 848 1086 912 libellos
1101 849 1205 912 tribus
1221 849 1378 932 legendos

111 972 166 1020 224
181 954 283 1018 dedit.
328 953 384 1016 Ex
401 952 484 1017 libro
500 955 626 1036 primo:
647 951 751 1016 ‘sorte
773 954 891 1026 evenit,
908 962 945 1016 ut
966 953 999 1016 in
1015 953 1195 1017 Privernati
1212 949 1379 1018 essemus'

180 1057 307 1135 ‘Brute,
323 1057 516 1121 testificatur
530 1067 625 1139 pater
646 1077 682 1120 se
703 1058 763 1122 tibi
786 1057 1010 1120 Privernatem
1033 1056 1173 1120 fundum
1192 1053 1406 1138 reliquisse’5

141 1149 147 1162 ’
180 1159 312 1224 Deinde
338 1182 382 1225 ex
409 1160 492 1224 libro
519 1162 683 1225 secundo:
711 1161 770 1224 ‘in
789 1159 924 1224 Albano
949 1181 1078 1224 eramus
1105 1181 1167 1243 ego
1190 1169 1224 1224 et
1248 1161 1379 1225 Marcus

179 1261 284 1351 fi,liu⁸·'
328 1261 490 1345 ‘Sapiens
512 1264 666 1328 videlicet
695 1263 798 1328 homo
827 1285 902 1329 curn
933 1265 1055 1346 primis
1077 1274 1208 1328 nostrae
1237 1265 1378 1328 civitatis

179 1377 274 1432 norat
294 1368 381 1431 hunc
404 1369 587 1451 gurgitem3
611 1370 790 1446 metuebat,
814 1389 864 1447 ne,
887 1388 962 1431 cum
983 1368 1010 1431 is
1032 1366 1112 1431 nihil
1135 1368 1280 1445 haberet,
1297 1367 1377 1430 nihil

179 1491 251 1534 esse
274 1473 303 1533 ei
326 1472 474 1536 relictum
493 1470 684 1555 putaretur.'
728 1473 816 1535 Tum
839 1495 884 1537 ex
906 1472 990 1535 libro
1009 1473 1115 1549 tertio,
1132 1472 1165 1538 in
1188 1493 1254 1554 quo
1277 1473 1377 1535 finem

178 1575 341 1639 scribendi
363 1575 535 1640 fecit-tot
558 1578 655 1652 enim,
677 1587 714 1640 ut
736 1577 847 1640 audivi
868 1575 1063 1640 Scaevolam
1086 1576 1202 1654 dicere,
1218 1586 1295 1639 sunt
1310 1577 1377 1640 veri
1393 1609 1424 1645 ιο

179 1679 273 1743 Bruti
296 1680 422 1742 libri-‘
432 1681 465 1742 in
491 1680 621 1744 Tiburti
644 1681 729 1744 sorte
752 1681 942 1744 adsedimus
966 1700 1029 1761 ego
1055 1686 1088 1742 et
1116 1679 1248 1743 Marcus
1272 1676 1377 1744 filius?

179 1782 269 1848 ‘Ubi
284 1793 361 1847 sunt
376 1783 410 1845 hi
425 1783 528 1859 fundi,
544 1785 654 1863 Brute,
673 1805 757 1866 quos
779 1784 840 1847 tibi
862 1793 958 1866 pater
979 1783 1118 1865 publicis
1133 1784 1377 1846 commentariis

178 1887 389 1970 consignatos
404 1885 557 1970 reliquit?
580 1889 670 1971 quod
692 1889 754 1951 nisi
773 1889 931 1970 puberem
952 1897 995 1963 te,
1011 1888 1127 1969 inquit,
1143 1887 1209 1952 iam
1230 1887 1376 1963 haberet,

178 2002 333 2071 quartum
349 1992 467 2055 librum
484 1993 725 2074 composuisset
746 2002 779 2056 et
801 2013 837 2054 se
859 1992 960 2055 etiam
983 1992 1017 2053 in
1039 1990 1165 2054 balneis
1181 1990 1286 2055 lotum
1302 2012 1378 2056 cum

110 2117 163 2163 225
179 2094 246 2159 filio
264 2096 421 2177 scriptum
438 2093 643 2178 reliquisset’
689 2095 773 2178 Quis
796 2105 848 2160 est
865 2097 971 2177 igitur,
991 2094 1047 2177 qui
1066 2115 1132 2158 non
1149 2094 1299 2174 fateatur,
1314 2095 1377 2160 hoc
1395 2132 1404 2165 ι
1409 2131 1423 2181 5

178 2198 290 2279 lepore
305 2208 406 2280 atque
421 2197 472 2262 his
488 2199 614 2263 facetiis
630 2219 696 2262 non
713 2202 820 2263 minus
835 2198 1013 2262 refutatum
1031 2218 1104 2261 esse
1121 2198 1260 2262 Brutum
1276 2219 1377 2280 quam

177 2301 241 2366 illis
260 2303 447 2386 tragoediis,
463 2324 546 2384 quas
569 2304 637 2385 egit
659 2303 757 2381 idem,
773 2323 848 2366 cum
868 2323 946 2366 casu
970 2302 1002 2364 in
1025 2303 1142 2366 eadem
1166 2323 1265 2367 causa
1284 2304 1378 2367 effer·

177 2417 267 2471 retur
281 2429 363 2471 anus
379 2408 481 2472 Iunia.
528 2407 591 2471 Pro
611 2408 645 2471 di
668 2406 879 2486 immortales
895 2427 980 2488 quae
1001 2406 1063 2470 fuit
1085 2406 1150 2481 illa,
1167 2408 1376 2487 quanta'visl

176 2533 277 2593 quam
315 2512 561 2595 inexspectata!
599 2531 699 2594 quam
729 2510 917 2593 repentinat
964 2509 1049 2574 Cum
1080 2509 1236 2573 coniectis
1265 2510 1376 2588 oculis,

143 2699 148 2706 -
177 2679 215 2717 12.
232 2665 343 2726 distendi.
367 2665 410 2716 KS
422 2681 479 2716 cum
491 2665 546 2714 Ab:
564 2665 662 2726 eifiendi
674 2664 702 2716 P.
748 2677 786 2728 14.
797 2664 871 2713 lotum
882 2662 934 2714 PS:
950 2663 1052 2713 locutum
1064 2662 1107 2712 K:
1123 2662 1199 2711 locum
1210 2661 1283 2712 codd.
1295 2661 1375 2714 mutil.

206 2821 340 2867 lectores:
367 2817 411 2867 the
433 2823 501 2880 story
529 2817 551 2866 is
584 2816 637 2866 told
672 2832 751 2866 some-
801 2816 907 2865 scribere
919 2831 946 2864 se
956 2816 981 2864 in
998 2813 1093 2864 balneis
1108 2829 1165 2864 cum
1176 2813 1203 2862 id
1218 2813 1307 2863 aetatis
1322 2812 1376 2862 filio

173 2884 241 2932 what
258 2899 328 2933 more
344 2883 407 2947 fully
417 2884 443 2932 in
460 2899 485 2946 p.
497 2882 597 2933 Cluent.
612 2896 651 2946 51.
667 2896 711 2946 141
725 2882 750 2932 ff.
800 2881 884 2937 fuisse.
896 2898 946 2930 non
963 2879 1133 2945 praeterisset?
1166 2879 1200 2929 So
1219 2880 1284 2928 Plut.
1297 2879 1376 2931 Marc.

175 2950 222 3014 Cp.
234 2949 329 3000 Introd.
341 2965 383 3014 pp.
395 2952 418 3006 8,
431 2964 455 3013 9.
474 2948 520 2998 See
531 2957 589 2998 note
600 2964 632 2997 on
643 2947 751 3006 ‘recito,’
802 2947 858 2996 Cat.
867 2963 887 2996 c.
898 2962 935 3008 ao,
945 2947 998 2996 Cic.
1010 2947 1042 2995 de
1050 2946 1112 3010 Rep.
1122 2945 1155 2994 iv.
1162 2961 1186 3007 4.
1196 2953 1242 2993 etc.
1259 2944 1314 2994 The
1323 2946 1375 2994 bet-

178 3019 191 3074 ς
205 3024 259 3077 173.
801 3019 839 3061 ter
850 3013 921 3062 MSS.
933 3012 967 3061 all
980 3013 1044 3060 have
1056 3013 1138 3070 locum,
1150 3010 1208 3072 only
1221 3011 1262 3058 the
1274 3011 1377 3058 inferior

210 3094 231 3128 a.
249 3082 473 3129 eontrariainter
484 3091 545 3127 sesa
553 3082 588 3127 de
598 3093 629 3129 re
637 3081 752 3135 publiea
801 3092 861 3126 ones
872 3080 988 3126 locurum:
1006 3076 1083 3126 hence
1098 3076 1140 3125 the
1151 3076 1214 3124 view
1226 3075 1255 3123 os
1263 3075 1311 3124 Ell.
1325 3076 1376 3124 and

175 3149 277 3203 capita,
303 3155 436 3210 ‘passages
463 3144 609 3207 containing
636 3144 751 3208 opposite
802 3140 1376 3203 Henrichsen,thatlorumisonlyacorrection

173 3212 250 3260 views
267 3228 299 3260 on
318 3209 446 3276 politics:'
470 3210 579 3271 caparis
602 3209 669 3258 osten
690 3209 751 3258 used
801 3208 831 3256 of
840 3209 959 3272 acopyist
967 3208 1023 3256 who
1032 3207 1083 3256 had
1091 3223 1122 3256 an
1131 3206 1251 3269 untimely
1259 3206 1376 3255 recollec-

174 3278 208 3340 by
225 3277 315 3327 Cicero
331 3276 370 3325 for
384 3291 399 3324 a
415 3275 509 3325 section
526 3290 555 3325 or
572 3274 675 3338 chapter
692 3275 720 3323 ol
735 3291 750 3324 a
801 3273 855 3323 tion
872 3275 901 3323 ol
915 3274 964 3323 this
981 3274 1079 3321 Roman
1096 3277 1200 3327 custom,
1212 3272 1233 3320 is
1244 3278 1289 3320 not
1300 3272 1374 3335 prob·

174 3343 222 3391 law
234 3347 299 3406 (eg,
317 3342 341 3390 in
354 3343 423 3390 Verr.
437 3343 493 3391 Act.
507 3341 533 3391 ii.
546 3340 586 3404 46.
602 3343 674 3403 118):
693 3340 712 3388 it
729 3341 751 3389 is
799 3339 872 3388 able:
889 3341 991 3388 tondum
1001 3339 1023 3387 is
1038 3337 1112 3386 much
1128 3353 1196 3388 more
1211 3337 1287 3401 likely
1300 3345 1327 3386 to
1345 3340 1376 3385 be

174 3408 234 3457 used
249 3424 277 3457 as
293 3408 351 3457 here
365 3408 390 3456 in
408 3408 535 3473 EpFam.
545 3406 580 3454 iii.
593 3407 616 3456 8.
631 3420 642 3454 ι
655 3407 750 3470 ‘prima
800 3420 832 3453 an
850 3405 981 3454 alteration
999 3404 1029 3455 ol
1042 3403 1084 3454 the
1101 3403 1227 3469 evidently
1242 3418 1375 3453 erroneous

174 3475 225 3523 duo
236 3475 321 3538 capita
332 3474 453 3538 epistolae
461 3479 517 3522 tuae
528 3472 606 3522 tacita
617 3471 679 3522 mihi
688 3488 750 3538 quo·
799 3470 883 3520 locum.

174 3541 233 3590 darn
244 3541 320 3589 modo
332 3539 492 3604 relinquenda
504 3540 577 3588 sunt!
835 3546 874 3599 17.
895 3539 1057 3597 tragoedus,
1072 3541 1084 3595 ξ
1099 3548 1153 3598 205.
1187 3539 1276 3584 Junia
1291 3533 1313 3583 is
1329 3540 1375 3582 not

209 3619 232 3668 3.
248 3610 338 3664 patris
350 3609 443 3662 Bruti,
457 3611 469 3663 ξ
485 3619 530 3667 14²
544 3607 635 3668 (note).
800 3601 931 3650 otherwise
942 3603 1041 3662 known,
1053 3603 1099 3650 but
1113 3600 1237 3665 belonged
1252 3601 1282 3650 ol
1289 3615 1376 3649 course

208 3692 232 3733 4.
248 3675 424 3721 Privernati:
444 3670 494 3719 this
511 3671 574 3719 form
590 3672 611 3721 is
627 3671 664 3720 lar
681 3686 751 3721 more
799 3673 828 3716 to
840 3667 882 3716 the
893 3683 1030 3732 semegem
1041 3682 1069 3716 as
1081 3667 1178 3714 Brutus.

174 3753 292 3788 common
313 3737 375 3786 than
394 3748 444 3797 -are,
464 3736 514 3784 and
534 3737 556 3786 is
574 3737 700 3801 approved
717 3738 751 3802 by
834 3737 995 3782 efferretur:
1034 3731 1050 3783 i.
1058 3748 1079 3782 e.
1113 3737 1141 3780 to
1161 3729 1256 3788 burial;
1291 3745 1330 3794 cp.
1360 3733 1374 3790 5

175 3803 299 3852 Priscian:
323 3819 362 3868 cp.
380 3803 459 3862 Neue,
478 3801 517 3852 ii.¹
537 3802 584 3864 62;
613 3803 658 3851 but
678 3808 748 3862 see§
802 3809 865 3861 3273
883 3799 925 3848 the
940 3798 1010 3848 word
1025 3797 1045 3846 is
1063 3797 1131 3846 osten
1148 3810 1177 3846 so
1193 3796 1253 3844 used
1267 3795 1375 3844 without

177 3871 232 3931 263.
801 3864 915 3920 ‘funere'
926 3864 1007 3913 which
1019 3864 1040 3911 is
1057 3861 1164 3976 prefixed
1179 3862 1204 3910 in
1217 3862 1258 3911 the
1274 3861 1376 3910 inferior

211 3947 232 3998 7.
246 3934 311 3984 ouria
322 3938 432 3992 primis:
449 3934 497 3983 less
505 3934 577 3983 usual
589 3935 613 3983 in
622 3933 672 3983 this
683 3947 752 3983 sense
801 3929 874 3980 MSS.
892 3931 957 3990 here,
976 3931 1021 3978 but
1038 3944 1060 3976 w
1080 3928 1119 3978 ieh
1136 3928 1219 3978 would
1236 3927 1330 3992 require
1346 3933 1374 3976 to

175 4003 236 4052 than
254 4001 294 4050 ‘in
312 4000 426 4066 primisz’
444 4002 490 4050 but
506 4016 545 4065 cp.
564 4001 632 4050 Brut.
651 3998 688 4062 56.
704 4013 750 4062 205
801 3996 834 4044 be
845 3995 1022 4060 accompanied
1034 3995 1104 4059 byan
1117 3993 1226 4058 epithet:
1243 3993 1373 4058 ep.Plaut.

175 4073 275 4198 iuti.
282 4068 322 4182 ¹1³2?
324 4081 492 4182 ”itheth
511 4065 604 4195 iiiii
611 4062 751 4194 illita}
800 4057 1376 4178 hierimitiithtliutthiltt

175 4200 222 4259 68;
240 4200 274 4248 iii.
286 4201 326 4262 87.
341 4213 402 4247 roo:
413 4215 459 4265 pro
466 4199 564 4261 Quinct.
575 4196 598 4247 ⁶.
608 4180 649 4260 ⁸24,
659 4196 752 4260 always
837 4194 875 4244 18.
891 4209 960 4251 quae
970 4197 1026 4242 nnn
1042 4195 1101 4251 illa,
1113 4197 1219 4250 quanta
1229 4193 1279 4246 vis,
1293 4188 1377 4239 ‘what

175 4265 320 4331 apparently
337 4264 398 4314 with
417 4280 486 4314 some
497 4263 591 4329 epithet
608 4263 638 4314 ol
660 4263 750 4328 praise,
800 4275 887 4328 power
897 4259 929 4308 he
940 4259 1049 4320 showed,
1060 4258 1118 4308 how
1129 4255 1215 4321 great)
1258 4320 1264 4332 ‚

174 4332 309 4397 especially
320 4327 468 4380 ‘honestus’
836 4339 874 4390 19.
892 4329 1039 4386 oonieotls,
1061 4324 1139 4373 ‘fixed
1155 4337 1222 4386 upon
1239 4320 1322 4369 hrmt’
1338 4334 1376 4368 nr.

212 4412 250 4447 12.
267 4395 571 4461 publiorsupublished?
802 4407 841 4456 59.
865 4405 920 4438 aaa.
955 4390 1060 4454 Quintil.
1080 4391 1111 4439 ix„
1131 4404 1152 4451 3.
1174 4401 1216 4435 ror
1236 4390 1274 4434 ‘et
1293 4384 1377 4433 voltus

213 4478 251 4524 14.
263 4468 367 4512 lotum:
379 4477 417 4526 cp.
427 4462 457 4511 de
465 4461 513 4511 Off.
522 4462 538 4510 i.
548 4474 586 4524 35.
600 4464 751 4524 129⁸nostro
801 4457 909 4506 mutatio
917 4457 1094 4520 oculorumque
1101 4453 1225 4503 coniectus
1232 4450 1338 4498 multum
1350 4451 1376 4498 in

178 4528 279 4594 quidem
292 4543 359 4576 more
369 4528 576 4592 comparentibus
586 4524 751 4590 pubereslilii,
801 4531 860 4574 actu
876 4521 959 4574 valet!
992 4527 1063 4572 cum
1079 4521 1100 4569 is
1117 4518 1146 4567 ol
1160 4531 1245 4592 course
1261 4514 1302 4564 the
1317 4530 1377 4563 con·

179 4610 236 4644 cum
258 4594 348 4644 soceris
367 4594 451 4655 generi
472 4608 522 4642 non
541 4590 683 4640 lavantur:’
706 4606 752 4654 pro
799 4589 919 4652 junction,
943 4594 988 4637 not
1010 4587 1052 4637 the
1076 4589 1237 4652 preposition.
1273 4582 1309 4650 [A
1331 4581 1378 4630 bas

179 4662 278 4716 Cluent.
288 4673 328 4726 ⁵1·
341 4671 382 4723 ¹4¹
393 4658 475 4724 ‘quod
486 4657 507 4707 si
518 4657 638 4723 potuisset
648 4656 752 4707 honeste
801 4670 879 4721 quom
889 4653 978 4720 iactis]
