<?xml version="1.0" encoding="UTF-8"?>
<!DOCTYPE html PUBLIC "-//W3C//DTD XHTML 1.0 Transitional//EN"
    "http://www.w3.org/TR/xhtml1/DTD/xhtml1-transitional.dtd">
<html xmlns="http://www.w3.org/1999/xhtml" xml:lang="en" lang="en">
 <head>
  <title>
</title>
<meta http-equiv="Content-Type" content="text/html;charset=utf-8" />
  <meta name='ocr-system' content='tesseract 3.04.00' />
  <meta name='ocr-capabilities' content='ocr_page ocr_carea ocr_par ocr_line ocrx_word'/>
</head>
<body>
  <div class='ocr_page' id='page_1' title='image "./mtulliiciceroni00wilkgoog_0174.png"; bbox 0 0 3286 5036; ppageno 0'>
   <div class='ocr_carea' id='block_1_1' title="bbox 597 397 1398 498">
    <p class='ocr_par' dir='ltr' id='par_1_1' title="bbox 597 397 1398 498">
     <span class='ocr_line' id='line_1_1' title="bbox 597 397 1398 498; baseline 0.006 -29"><span class='ocrx_word' id='word_1_1' title='bbox 597 401 668 470; x_wconf 74' lang='lat' dir='ltr'>bs</span> <span class='ocrx_word' id='word_1_2' title='bbox 689 406 922 473; x_wconf 69' lang='lat' dir='ltr'>perrona</span> <span class='ocrx_word' id='word_1_3' title='bbox 944 410 995 473; x_wconf 84' lang='lat' dir='ltr'>rr.</span> <span class='ocrx_word' id='word_1_4' title='bbox 1037 397 1039 404; x_wconf 78' lang='grc'><em>’</em></span> <span class='ocrx_word' id='word_1_5' title='bbox 1333 413 1398 498; x_wconf 80' lang='lat'>3⁶5</span> 
     </span>
    </p>
   </div>
   <div class='ocr_carea' id='block_1_2' title="bbox 9 567 1397 682">
    <p class='ocr_par' dir='ltr' id='par_1_2' title="bbox 9 567 1397 682">
     <span class='ocr_line' id='line_1_2' title="bbox 9 567 1397 682; baseline 0.006 -26"><span class='ocrx_word' id='word_1_6' title='bbox 9 567 18 609; x_wconf 45' lang='grc' dir='ltr'>Ξ</span> <span class='ocrx_word' id='word_1_7' title='bbox 197 601 251 657; x_wconf 89' lang='lat' dir='ltr'>tus</span> <span class='ocrx_word' id='word_1_8' title='bbox 272 592 434 659; x_wconf 90' lang='lat' dir='ltr'>invenisse</span> <span class='ocrx_word' id='word_1_9' title='bbox 456 594 558 659; x_wconf 83' lang='lat' dir='ltr'>fertur</span> <span class='ocrx_word' id='word_1_10' title='bbox 578 597 727 661; x_wconf 88' lang='lat' dir='ltr'>ordinem</span> <span class='ocrx_word' id='word_1_11' title='bbox 749 619 821 663; x_wconf 90' lang='lat' dir='ltr'>esse</span> <span class='ocrx_word' id='word_1_12' title='bbox 841 599 998 676; x_wconf 88' lang='lat' dir='ltr'>maxime,</span> <span class='ocrx_word' id='word_1_13' title='bbox 1015 599 1071 682; x_wconf 91' lang='lat' dir='ltr'>qui</span> <span class='ocrx_word' id='word_1_14' title='bbox 1091 601 1268 665; x_wconf 86' lang='lat' dir='ltr'>memoriae</span> <span class='ocrx_word' id='word_1_15' title='bbox 1283 602 1397 665; x_wconf 91' lang='lat' dir='ltr'>lumen</span> 
     </span>
    </p>
   </div>
   <div class='ocr_carea' id='block_1_3' title="bbox 127 696 1445 2756">
    <p class='ocr_par' dir='ltr' id='par_1_3' title="bbox 127 696 1426 1097">
     <span class='ocr_line' id='line_1_3' title="bbox 127 696 1397 787; baseline 0.004 -23"><span class='ocrx_word' id='word_1_16' title='bbox 127 720 185 766; x_wconf 84' lang='lat'>354</span> <span class='ocrx_word' id='word_1_17' title='bbox 197 696 351 762; x_wconf 82' lang='lat' dir='ltr'>adferret.</span> <span class='ocrx_word' id='word_1_18' title='bbox 398 698 517 782; x_wconf 88' lang='lat' dir='ltr'>Itaque</span> <span class='ocrx_word' id='word_1_19' title='bbox 540 702 595 779; x_wconf 90' lang='lat' dir='ltr'>eis,</span> <span class='ocrx_word' id='word_1_20' title='bbox 617 703 673 783; x_wconf 95' lang='lat' dir='ltr'>qui</span> <span class='ocrx_word' id='word_1_21' title='bbox 696 701 782 766; x_wconf 88' lang='lat' dir='ltr'>hanc</span> <span class='ocrx_word' id='word_1_22' title='bbox 805 715 935 784; x_wconf 87' lang='lat' dir='ltr'>partem</span> <span class='ocrx_word' id='word_1_23' title='bbox 951 704 1073 787; x_wconf 90' lang='lat' dir='ltr'>ingenii</span> <span class='ocrx_word' id='word_1_24' title='bbox 1090 713 1290 781; x_wconf 77' lang='lat' dir='ltr'><strong>exercerent,</strong></span> <span class='ocrx_word' id='word_1_25' title='bbox 1308 705 1397 769; x_wconf 92' lang='lat' dir='ltr'>locos</span> 
     </span>
     <span class='ocr_line' id='line_1_4' title="bbox 198 803 1398 890; baseline 0.008 -27"><span class='ocrx_word' id='word_1_26' title='bbox 198 821 271 864; x_wconf 89' lang='lat' dir='ltr'>esse</span> <span class='ocrx_word' id='word_1_27' title='bbox 296 803 473 885; x_wconf 89' lang='lat' dir='ltr'>capiendos</span> <span class='ocrx_word' id='word_1_28' title='bbox 500 813 534 868; x_wconf 91' lang='lat' dir='ltr'>et</span> <span class='ocrx_word' id='word_1_29' title='bbox 558 825 606 882; x_wconf 93' lang='lat' dir='ltr'>ea,</span> <span class='ocrx_word' id='word_1_30' title='bbox 629 826 715 887; x_wconf 88' lang='lat' dir='ltr'>quae</span> <span class='ocrx_word' id='word_1_31' title='bbox 742 808 901 870; x_wconf 91' lang='lat' dir='ltr'>memoria</span> <span class='ocrx_word' id='word_1_32' title='bbox 926 819 1040 872; x_wconf 90' lang='lat' dir='ltr'>tenere</span> <span class='ocrx_word' id='word_1_33' title='bbox 1062 808 1194 872; x_wconf 88' lang='lat' dir='ltr'>vellent</span> <span class='ocrx_word' id='word_1_34' title='bbox 1211 810 1398 890; x_wconf 89' lang='lat' dir='ltr'>effingenda</span> 
     </span>
     <span class='ocr_line' id='line_1_5' title="bbox 198 905 1398 989; baseline 0.007 -23"><span class='ocrx_word' id='word_1_35' title='bbox 198 905 309 969; x_wconf 91' lang='lat' dir='ltr'>animo</span> <span class='ocrx_word' id='word_1_36' title='bbox 324 916 425 989; x_wconf 89' lang='lat' dir='ltr'>atque</span> <span class='ocrx_word' id='word_1_37' title='bbox 444 908 477 970; x_wconf 94' lang='lat' dir='ltr'>in</span> <span class='ocrx_word' id='word_1_38' title='bbox 502 909 548 972; x_wconf 90' lang='lat' dir='ltr'>eis</span> <span class='ocrx_word' id='word_1_39' title='bbox 568 909 649 972; x_wconf 91' lang='lat' dir='ltr'>locis</span> <span class='ocrx_word' id='word_1_40' title='bbox 668 909 870 975; x_wconf 91' lang='lat' dir='ltr'>conlocanda</span> <span class='ocrx_word' id='word_1_41' title='bbox 884 934 891 986; x_wconf 91' lang='lat'>;</span> <span class='ocrx_word' id='word_1_42' title='bbox 915 912 962 975; x_wconf 91' lang='lat' dir='ltr'>sic</span> <span class='ocrx_word' id='word_1_43' title='bbox 977 911 1055 987; x_wconf 88' lang='lat' dir='ltr'>fore,</span> <span class='ocrx_word' id='word_1_44' title='bbox 1072 921 1108 975; x_wconf 92' lang='lat' dir='ltr'>ut</span> <span class='ocrx_word' id='word_1_45' title='bbox 1124 913 1274 976; x_wconf 88' lang='lat' dir='ltr'>ordinem</span> <span class='ocrx_word' id='word_1_46' title='bbox 1290 932 1398 975; x_wconf 92' lang='lat' dir='ltr'>rerum</span> 
     </span>
     <span class='ocr_line' id='line_1_6' title="bbox 198 1007 1426 1097; baseline 0.007 -27"><span class='ocrx_word' id='word_1_47' title='bbox 198 1007 344 1072; x_wconf 92' lang='lat' dir='ltr'>locorum</span> <span class='ocrx_word' id='word_1_48' title='bbox 358 1013 448 1075; x_wconf 63' lang='lat' dir='ltr'>‘ordo</span> <span class='ocrx_word' id='word_1_49' title='bbox 470 1023 685 1089; x_wconf 87' lang='lat' dir='ltr'>conservaret,</span> <span class='ocrx_word' id='word_1_50' title='bbox 702 1035 752 1077; x_wconf 92' lang='lat' dir='ltr'>res</span> <span class='ocrx_word' id='word_1_51' title='bbox 772 1025 885 1078; x_wconf 94' lang='lat' dir='ltr'>autem</span> <span class='ocrx_word' id='word_1_52' title='bbox 901 1015 990 1097; x_wconf 80' lang='lat' dir='ltr'>ip&#39;sas</span> <span class='ocrx_word' id='word_1_53' title='bbox 1005 1036 1113 1078; x_wconf 89' lang='lat' dir='ltr'>rerum</span> <span class='ocrx_word' id='word_1_54' title='bbox 1129 1016 1253 1097; x_wconf 89' lang='lat' dir='ltr'>effigies</span> <span class='ocrx_word' id='word_1_55' title='bbox 1269 1024 1398 1078; x_wconf 92' lang='lat' dir='ltr'>notaret</span> <span class='ocrx_word' id='word_1_56' title='bbox 1412 1038 1426 1087; x_wconf 85' lang='lat'>5</span> 
     </span>
    </p>

    <p class='ocr_par' dir='ltr' id='par_1_4' title="bbox 134 1114 1400 1201">
     <span class='ocr_line' id='line_1_7' title="bbox 134 1114 1400 1201; baseline 0.008 -28"><span class='ocrx_word' id='word_1_57' title='bbox 134 1119 185 1186; x_wconf 81' lang='grc'>87</span> <span class='ocrx_word' id='word_1_58' title='bbox 197 1121 300 1194; x_wconf 89' lang='lat' dir='ltr'>atque</span> <span class='ocrx_word' id='word_1_59' title='bbox 315 1124 351 1178; x_wconf 92' lang='lat' dir='ltr'>ut</span> <span class='ocrx_word' id='word_1_60' title='bbox 367 1114 446 1178; x_wconf 89' lang='lat' dir='ltr'>locis</span> <span class='ocrx_word' id='word_1_61' title='bbox 462 1137 522 1198; x_wconf 93' lang='lat' dir='ltr'>pro</span> <span class='ocrx_word' id='word_1_62' title='bbox 537 1135 620 1193; x_wconf 88' lang='lat' dir='ltr'>cera,</span> <span class='ocrx_word' id='word_1_63' title='bbox 636 1118 818 1182; x_wconf 84' lang='lat' dir='ltr'>simulacris</span> <span class='ocrx_word' id='word_1_64' title='bbox 840 1140 900 1201; x_wconf 92' lang='lat' dir='ltr'>pro</span> <span class='ocrx_word' id='word_1_65' title='bbox 915 1119 1033 1183; x_wconf 91' lang='lat' dir='ltr'>litteris</span> <span class='ocrx_word' id='word_1_66' title='bbox 1053 1130 1227 1184; x_wconf 86' lang='lat' dir='ltr'>uteremur.</span> <span class='ocrx_word' id='word_1_67' title='bbox 1274 1119 1340 1201; x_wconf 83' lang='lat' dir='ltr'>Qui</span> <span class='ocrx_word' id='word_1_68' title='bbox 1355 1119 1400 1183; x_wconf 91' lang='lat' dir='ltr'>sit</span> 
     </span>
    </p>

    <p class='ocr_par' dir='ltr' id='par_1_5' title="bbox 128 1205 1445 2133">
     <span class='ocr_line' id='line_1_8' title="bbox 128 1205 1398 1305; baseline 0.005 -26"><span class='ocrx_word' id='word_1_69' title='bbox 128 1205 184 1251; x_wconf 79' lang='lat'>³⁵⁵</span> <span class='ocrx_word' id='word_1_70' title='bbox 198 1226 310 1280; x_wconf 92' lang='lat' dir='ltr'>autem</span> <span class='ocrx_word' id='word_1_71' title='bbox 326 1220 448 1284; x_wconf 91' lang='lat' dir='ltr'>oratori</span> <span class='ocrx_word' id='word_1_72' title='bbox 470 1222 648 1284; x_wconf 89' lang='lat' dir='ltr'>memoriae</span> <span class='ocrx_word' id='word_1_73' title='bbox 668 1221 800 1300; x_wconf 78' lang='lat' dir='ltr'>sructuS,</span> <span class='ocrx_word' id='word_1_74' title='bbox 816 1232 941 1305; x_wconf 90' lang='lat' dir='ltr'>quanta</span> <span class='ocrx_word' id='word_1_75' title='bbox 958 1223 1089 1298; x_wconf 84' lang='lat' dir='ltr'>utilitas,</span> <span class='ocrx_word' id='word_1_76' title='bbox 1107 1233 1231 1305; x_wconf 89' lang='lat' dir='ltr'>quanta</span> <span class='ocrx_word' id='word_1_77' title='bbox 1245 1223 1303 1299; x_wconf 90' lang='lat' dir='ltr'>vis,</span> <span class='ocrx_word' id='word_1_78' title='bbox 1319 1223 1398 1304; x_wconf 91' lang='lat' dir='ltr'>quid</span> 
     </span>
     <span class='ocr_line' id='line_1_9' title="bbox 199 1321 1399 1409; baseline 0.005 -27"><span class='ocrx_word' id='word_1_79' title='bbox 199 1341 253 1384; x_wconf 94' lang='lat' dir='ltr'>me</span> <span class='ocrx_word' id='word_1_80' title='bbox 274 1321 394 1386; x_wconf 84' lang='lat' dir='ltr'>attinet</span> <span class='ocrx_word' id='word_1_81' title='bbox 417 1322 548 1388; x_wconf 84' lang='lat' dir='ltr'>dicere?</span> <span class='ocrx_word' id='word_1_82' title='bbox 586 1324 723 1402; x_wconf 87' lang='lat' dir='ltr'>Tenere,</span> <span class='ocrx_word' id='word_1_83' title='bbox 741 1346 827 1407; x_wconf 90' lang='lat' dir='ltr'>quae</span> <span class='ocrx_word' id='word_1_84' title='bbox 849 1327 1001 1390; x_wconf 88' lang='lat' dir='ltr'>didiceris</span> <span class='ocrx_word' id='word_1_85' title='bbox 1022 1329 1056 1390; x_wconf 91' lang='lat' dir='ltr'>in</span> <span class='ocrx_word' id='word_1_86' title='bbox 1079 1326 1270 1409; x_wconf 88' lang='lat' dir='ltr'>accipienda</span> <span class='ocrx_word' id='word_1_87' title='bbox 1292 1346 1399 1402; x_wconf 88' lang='lat' dir='ltr'>causa,</span> 
     </span>
     <span class='ocr_line' id='line_1_10' title="bbox 199 1426 1399 1509; baseline 0.006 -23"><span class='ocrx_word' id='word_1_88' title='bbox 199 1445 285 1506; x_wconf 92' lang='lat' dir='ltr'>quae</span> <span class='ocrx_word' id='word_1_89' title='bbox 307 1427 378 1507; x_wconf 90' lang='lat' dir='ltr'>ipse</span> <span class='ocrx_word' id='word_1_90' title='bbox 400 1426 578 1509; x_wconf 90' lang='lat' dir='ltr'>cogitaris?</span> <span class='ocrx_word' id='word_1_91' title='bbox 600 1430 707 1493; x_wconf 92' lang='lat' dir='ltr'>omnis</span> <span class='ocrx_word' id='word_1_92' title='bbox 724 1429 809 1492; x_wconf 85' lang='lat' dir='ltr'>lixas</span> <span class='ocrx_word' id='word_1_93' title='bbox 831 1451 903 1493; x_wconf 90' lang='lat' dir='ltr'>esse</span> <span class='ocrx_word' id='word_1_94' title='bbox 921 1431 953 1492; x_wconf 92' lang='lat' dir='ltr'>in</span> <span class='ocrx_word' id='word_1_95' title='bbox 974 1430 1086 1493; x_wconf 92' lang='lat' dir='ltr'>animo</span> <span class='ocrx_word' id='word_1_96' title='bbox 1101 1428 1305 1494; x_wconf 83' lang='lat' dir='ltr'>sententias?</span> <span class='ocrx_word' id='word_1_97' title='bbox 1328 1451 1399 1493; x_wconf 86' lang='lat' dir='ltr'>om·</span> 
     </span>
     <span class='ocr_line' id='line_1_11' title="bbox 199 1531 1445 1615; baseline 0.004 -25"><span class='ocrx_word' id='word_1_98' title='bbox 199 1547 275 1590; x_wconf 92' lang='lat' dir='ltr'>nem</span> <span class='ocrx_word' id='word_1_99' title='bbox 299 1531 501 1612; x_wconf 91' lang='lat' dir='ltr'>descriptum</span> <span class='ocrx_word' id='word_1_100' title='bbox 531 1533 706 1598; x_wconf 90' lang='lat' dir='ltr'>verborum</span> <span class='ocrx_word' id='word_1_101' title='bbox 743 1533 962 1615; x_wconf 81' lang='lat' dir='ltr'>apparatum?</span> <span class='ocrx_word' id='word_1_102' title='bbox 1002 1533 1050 1598; x_wconf 94' lang='lat' dir='ltr'>ita</span> <span class='ocrx_word' id='word_1_103' title='bbox 1079 1534 1194 1597; x_wconf 91' lang='lat' dir='ltr'>audire</span> <span class='ocrx_word' id='word_1_104' title='bbox 1223 1532 1276 1596; x_wconf 91' lang='lat' dir='ltr'>vel</span> <span class='ocrx_word' id='word_1_105' title='bbox 1313 1554 1398 1608; x_wconf 92' lang='lat' dir='ltr'>eum,</span> <span class='ocrx_word' id='word_1_106' title='bbox 1415 1560 1445 1595; x_wconf 90' lang='grc' dir='ltr'>ιο</span> 
     </span>
     <span class='ocr_line' id='line_1_12' title="bbox 199 1632 1399 1719; baseline 0.004 -25"><span class='ocrx_word' id='word_1_107' title='bbox 199 1632 287 1696; x_wconf 92' lang='lat' dir='ltr'>unde</span> <span class='ocrx_word' id='word_1_108' title='bbox 302 1633 418 1710; x_wconf 88' lang='lat' dir='ltr'>discas,</span> <span class='ocrx_word' id='word_1_109' title='bbox 434 1634 486 1697; x_wconf 93' lang='lat' dir='ltr'>vel</span> <span class='ocrx_word' id='word_1_110' title='bbox 504 1657 591 1711; x_wconf 92' lang='lat' dir='ltr'>eum,</span> <span class='ocrx_word' id='word_1_111' title='bbox 607 1637 658 1700; x_wconf 92' lang='lat' dir='ltr'>cui</span> <span class='ocrx_word' id='word_1_112' title='bbox 674 1638 942 1719; x_wconf 91' lang='lat' dir='ltr'>respondendum</span> <span class='ocrx_word' id='word_1_113' title='bbox 959 1638 1010 1714; x_wconf 91' lang='lat' dir='ltr'>sit,</span> <span class='ocrx_word' id='word_1_114' title='bbox 1028 1646 1065 1700; x_wconf 92' lang='lat' dir='ltr'>ut</span> <span class='ocrx_word' id='word_1_115' title='bbox 1081 1636 1127 1700; x_wconf 91' lang='lat' dir='ltr'>illi</span> <span class='ocrx_word' id='word_1_116' title='bbox 1145 1657 1211 1699; x_wconf 93' lang='lat' dir='ltr'>non</span> <span class='ocrx_word' id='word_1_117' title='bbox 1228 1635 1399 1700; x_wconf 83' lang='lat' dir='ltr'>infundere</span> 
     </span>
     <span class='ocr_line' id='line_1_13' title="bbox 198 1735 1399 1823; baseline 0.006 -26"><span class='ocrx_word' id='word_1_118' title='bbox 198 1735 327 1799; x_wconf 90' lang='lat' dir='ltr'>inauris</span> <span class='ocrx_word' id='word_1_119' title='bbox 339 1748 413 1800; x_wconf 88' lang='lat' dir='ltr'>tuas</span> <span class='ocrx_word' id='word_1_120' title='bbox 425 1740 619 1818; x_wconf 89' lang='lat' dir='ltr'>orationem,</span> <span class='ocrx_word' id='word_1_121' title='bbox 631 1741 689 1803; x_wconf 93' lang='lat' dir='ltr'>sed</span> <span class='ocrx_word' id='word_1_122' title='bbox 703 1742 859 1804; x_wconf 90' lang='lat' dir='ltr'>inanimo</span> <span class='ocrx_word' id='word_1_123' title='bbox 872 1742 1046 1804; x_wconf 90' lang='lat' dir='ltr'>videantur</span> <span class='ocrx_word' id='word_1_124' title='bbox 1058 1738 1256 1804; x_wconf 87' lang='lat' dir='ltr'>inscribere?</span> <span class='ocrx_word' id='word_1_125' title='bbox 1281 1741 1399 1823; x_wconf 91' lang='lat' dir='ltr'>Itaque</span> 
     </span>
     <span class='ocr_line' id='line_1_14' title="bbox 198 1839 1399 1927; baseline 0.006 -26"><span class='ocrx_word' id='word_1_126' title='bbox 198 1839 259 1902; x_wconf 91' lang='lat' dir='ltr'>soli</span> <span class='ocrx_word' id='word_1_127' title='bbox 281 1841 338 1922; x_wconf 94' lang='lat' dir='ltr'>qui</span> <span class='ocrx_word' id='word_1_128' title='bbox 362 1843 520 1906; x_wconf 88' lang='lat' dir='ltr'>memoria</span> <span class='ocrx_word' id='word_1_129' title='bbox 543 1845 664 1925; x_wconf 88' lang='lat' dir='ltr'>vigent,</span> <span class='ocrx_word' id='word_1_130' title='bbox 687 1845 796 1908; x_wconf 87' lang='lat' dir='ltr'>sciunt</span> <span class='ocrx_word' id='word_1_131' title='bbox 818 1844 898 1927; x_wconf 90' lang='lat' dir='ltr'>quid</span> <span class='ocrx_word' id='word_1_132' title='bbox 922 1856 955 1908; x_wconf 91' lang='lat' dir='ltr'>et</span> <span class='ocrx_word' id='word_1_133' title='bbox 978 1855 1142 1926; x_wconf 90' lang='lat' dir='ltr'>quatenus</span> <span class='ocrx_word' id='word_1_134' title='bbox 1161 1854 1281 1926; x_wconf 93' lang='lat' dir='ltr'>etquo</span> <span class='ocrx_word' id='word_1_135' title='bbox 1298 1845 1399 1908; x_wconf 92' lang='lat' dir='ltr'>modo</span> 
     </span>
     <span class='ocr_line' id='line_1_15' title="bbox 199 1944 1398 2030; baseline 0.004 -24"><span class='ocrx_word' id='word_1_136' title='bbox 199 1944 317 2008; x_wconf 93' lang='lat' dir='ltr'>dicturi</span> <span class='ocrx_word' id='word_1_137' title='bbox 330 1946 404 2024; x_wconf 93' lang='lat' dir='ltr'>sint,</span> <span class='ocrx_word' id='word_1_138' title='bbox 417 1947 496 2027; x_wconf 94' lang='lat' dir='ltr'>quid</span> <span class='ocrx_word' id='word_1_139' title='bbox 513 1949 751 2029; x_wconf 89' lang='lat' dir='ltr'>responderint,</span> <span class='ocrx_word' id='word_1_140' title='bbox 763 1950 841 2030; x_wconf 93' lang='lat' dir='ltr'>quid</span> <span class='ocrx_word' id='word_1_141' title='bbox 858 1949 1020 2030; x_wconf 91' lang='lat' dir='ltr'>supersit:</span> <span class='ocrx_word' id='word_1_142' title='bbox 1044 1948 1217 2029; x_wconf 91' lang='lat' dir='ltr'>eidemque</span> <span class='ocrx_word' id='word_1_143' title='bbox 1234 1948 1338 2011; x_wconf 91' lang='lat' dir='ltr'>multa</span> <span class='ocrx_word' id='word_1_144' title='bbox 1354 1969 1398 2011; x_wconf 87' lang='lat' dir='ltr'>ex</span> 
     </span>
     <span class='ocr_line' id='line_1_16' title="bbox 199 2045 1443 2133; baseline 0.006 -23"><span class='ocrx_word' id='word_1_145' title='bbox 199 2047 271 2110; x_wconf 90' lang='lat' dir='ltr'>aliis</span> <span class='ocrx_word' id='word_1_146' title='bbox 287 2052 391 2113; x_wconf 90' lang='lat' dir='ltr'>causis</span> <span class='ocrx_word' id='word_1_147' title='bbox 406 2051 585 2133; x_wconf 89' lang='lat' dir='ltr'>aliquando</span> <span class='ocrx_word' id='word_1_148' title='bbox 601 2073 622 2114; x_wconf 93' lang='lat' dir='ltr'>a</span> <span class='ocrx_word' id='word_1_149' title='bbox 637 2073 671 2116; x_wconf 91' lang='lat' dir='ltr'>se</span> <span class='ocrx_word' id='word_1_150' title='bbox 686 2045 772 2130; x_wconf 89' lang='lat' dir='ltr'>acta,</span> <span class='ocrx_word' id='word_1_151' title='bbox 782 2052 886 2116; x_wconf 91' lang='lat' dir='ltr'>multa</span> <span class='ocrx_word' id='word_1_152' title='bbox 898 2052 940 2115; x_wconf 92' lang='lat' dir='ltr'>ab</span> <span class='ocrx_word' id='word_1_153' title='bbox 953 2051 1026 2115; x_wconf 91' lang='lat' dir='ltr'>aliis</span> <span class='ocrx_word' id='word_1_154' title='bbox 1038 2052 1156 2115; x_wconf 68' lang='lat' dir='ltr'>‘audita</span> <span class='ocrx_word' id='word_1_155' title='bbox 1168 2051 1396 2115; x_wconf 92' lang='lat' dir='ltr'>meminerunt.</span> <span class='ocrx_word' id='word_1_156' title='bbox 1413 2080 1443 2131; x_wconf 86' lang='lat'>15</span> 
     </span>
    </p>

    <p class='ocr_par' dir='ltr' id='par_1_6' title="bbox 129 2153 1444 2653">
     <span class='ocr_line' id='line_1_17' title="bbox 129 2153 1396 2238; baseline 0.001 -22"><span class='ocrx_word' id='word_1_157' title='bbox 129 2171 185 2218; x_wconf 77' lang='lat'>³56</span> <span class='ocrx_word' id='word_1_158' title='bbox 200 2153 276 2235; x_wconf 85' lang='lat' dir='ltr'>Qua</span> <span class='ocrx_word' id='word_1_159' title='bbox 300 2175 334 2217; x_wconf 93' lang='lat' dir='ltr'>re</span> <span class='ocrx_word' id='word_1_160' title='bbox 358 2154 517 2219; x_wconf 86' lang='lat' dir='ltr'>confiteor</span> <span class='ocrx_word' id='word_1_161' title='bbox 540 2157 692 2238; x_wconf 92' lang='lat' dir='ltr'>equidem</span> <span class='ocrx_word' id='word_1_162' title='bbox 715 2157 811 2219; x_wconf 92' lang='lat' dir='ltr'>huius</span> <span class='ocrx_word' id='word_1_163' title='bbox 833 2157 912 2219; x_wconf 92' lang='lat' dir='ltr'>boni</span> <span class='ocrx_word' id='word_1_164' title='bbox 935 2165 1087 2219; x_wconf 91' lang='lat' dir='ltr'>naturam</span> <span class='ocrx_word' id='word_1_165' title='bbox 1110 2176 1183 2218; x_wconf 92' lang='lat' dir='ltr'>esse</span> <span class='ocrx_word' id='word_1_166' title='bbox 1205 2155 1396 2237; x_wconf 89' lang='lat' dir='ltr'>principem,</span> 
     </span>
     <span class='ocr_line' id='line_1_18' title="bbox 198 2258 1397 2341; baseline 0.002 -21"><span class='ocrx_word' id='word_1_167' title='bbox 198 2258 283 2321; x_wconf 92' lang='lat' dir='ltr'>sicut</span> <span class='ocrx_word' id='word_1_168' title='bbox 306 2279 418 2321; x_wconf 89' lang='lat' dir='ltr'>earum</span> <span class='ocrx_word' id='word_1_169' title='bbox 441 2279 557 2336; x_wconf 90' lang='lat' dir='ltr'>rerum,</span> <span class='ocrx_word' id='word_1_170' title='bbox 580 2259 623 2322; x_wconf 93' lang='lat' dir='ltr'>de</span> <span class='ocrx_word' id='word_1_171' title='bbox 645 2260 765 2341; x_wconf 94' lang='lat' dir='ltr'>quibus</span> <span class='ocrx_word' id='word_1_172' title='bbox 787 2270 865 2324; x_wconf 93' lang='lat' dir='ltr'>ante</span> <span class='ocrx_word' id='word_1_173' title='bbox 887 2259 1016 2323; x_wconf 92' lang='lat' dir='ltr'>locutus</span> <span class='ocrx_word' id='word_1_174' title='bbox 1039 2280 1121 2333; x_wconf 92' lang='lat' dir='ltr'>sum,</span> <span class='ocrx_word' id='word_1_175' title='bbox 1146 2259 1315 2335; x_wconf 91' lang='lat' dir='ltr'>omnium;</span> <span class='ocrx_word' id='word_1_176' title='bbox 1339 2261 1397 2322; x_wconf 90' lang='lat' dir='ltr'>sed</span> 
     </span>
     <span class='ocr_line' id='line_1_19' title="bbox 197 2360 1444 2446; baseline 0.002 -23"><span class='ocrx_word' id='word_1_177' title='bbox 197 2360 278 2424; x_wconf 90' lang='lat' dir='ltr'>haec</span> <span class='ocrx_word' id='word_1_178' title='bbox 294 2383 347 2425; x_wconf 90' lang='lat' dir='ltr'>ars</span> <span class='ocrx_word' id='word_1_179' title='bbox 363 2372 435 2426; x_wconf 89' lang='lat' dir='ltr'>tota</span> <span class='ocrx_word' id='word_1_180' title='bbox 450 2363 590 2441; x_wconf 93' lang='lat' dir='ltr'>dicendi,</span> <span class='ocrx_word' id='word_1_181' title='bbox 603 2364 671 2426; x_wconf 91' lang='lat' dir='ltr'>sive</span> <span class='ocrx_word' id='word_1_182' title='bbox 687 2365 767 2427; x_wconf 88' lang='lat' dir='ltr'>artis</span> <span class='ocrx_word' id='word_1_183' title='bbox 783 2365 893 2446; x_wconf 88' lang='lat' dir='ltr'>imago</span> <span class='ocrx_word' id='word_1_184' title='bbox 910 2365 1075 2445; x_wconf 88' lang='lat' dir='ltr'>quaedam</span> <span class='ocrx_word' id='word_1_185' title='bbox 1092 2373 1125 2428; x_wconf 88' lang='lat' dir='ltr'>et</span> <span class='ocrx_word' id='word_1_186' title='bbox 1141 2362 1322 2426; x_wconf 92' lang='lat' dir='ltr'>similitudo</span> <span class='ocrx_word' id='word_1_187' title='bbox 1339 2372 1397 2442; x_wconf 90' lang='lat' dir='ltr'>est,</span> <span class='ocrx_word' id='word_1_188' title='bbox 1442 2369 1444 2372; x_wconf 50' lang='lat'><em>⁴</em></span> 
     </span>
     <span class='ocr_line' id='line_1_20' title="bbox 195 2463 1398 2549; baseline 0 -21"><span class='ocrx_word' id='word_1_189' title='bbox 195 2463 297 2529; x_wconf 91' lang='lat' dir='ltr'>habet</span> <span class='ocrx_word' id='word_1_190' title='bbox 319 2467 404 2529; x_wconf 90' lang='lat' dir='ltr'>hanc</span> <span class='ocrx_word' id='word_1_191' title='bbox 426 2467 503 2544; x_wconf 92' lang='lat' dir='ltr'>vim,</span> <span class='ocrx_word' id='word_1_192' title='bbox 526 2487 593 2530; x_wconf 93' lang='lat' dir='ltr'>non</span> <span class='ocrx_word' id='word_1_193' title='bbox 615 2477 651 2530; x_wconf 94' lang='lat' dir='ltr'>ut</span> <span class='ocrx_word' id='word_1_194' title='bbox 673 2477 782 2531; x_wconf 92' lang='lat' dir='ltr'>totum</span> <span class='ocrx_word' id='word_1_195' title='bbox 805 2467 939 2548; x_wconf 93' lang='lat' dir='ltr'>aliquid,</span> <span class='ocrx_word' id='word_1_196' title='bbox 960 2469 1051 2531; x_wconf 92' lang='lat' dir='ltr'>cuius</span> <span class='ocrx_word' id='word_1_197' title='bbox 1070 2467 1103 2530; x_wconf 91' lang='lat' dir='ltr'>in</span> <span class='ocrx_word' id='word_1_198' title='bbox 1122 2467 1262 2549; x_wconf 89' lang='lat' dir='ltr'>ingeniis</span> <span class='ocrx_word' id='word_1_199' title='bbox 1278 2465 1398 2529; x_wconf 90' lang='lat' dir='ltr'>nostris</span> 
     </span>
     <span class='ocr_line' id='line_1_21' title="bbox 195 2569 1443 2653; baseline 0.003 -21"><span class='ocrx_word' id='word_1_200' title='bbox 195 2590 271 2652; x_wconf 89' lang='lat' dir='ltr'>pars</span> <span class='ocrx_word' id='word_1_201' title='bbox 286 2569 377 2633; x_wconf 92' lang='lat' dir='ltr'>nulla</span> <span class='ocrx_word' id='word_1_202' title='bbox 392 2572 443 2648; x_wconf 91' lang='lat' dir='ltr'>sit,</span> <span class='ocrx_word' id='word_1_203' title='bbox 460 2570 567 2653; x_wconf 89' lang='lat' dir='ltr'>pariat</span> <span class='ocrx_word' id='word_1_204' title='bbox 582 2582 615 2634; x_wconf 93' lang='lat' dir='ltr'>et</span> <span class='ocrx_word' id='word_1_205' title='bbox 631 2581 789 2652; x_wconf 87' lang='lat' dir='ltr'>procreet,</span> <span class='ocrx_word' id='word_1_206' title='bbox 805 2592 919 2634; x_wconf 93' lang='lat' dir='ltr'>verum</span> <span class='ocrx_word' id='word_1_207' title='bbox 936 2580 972 2634; x_wconf 95' lang='lat' dir='ltr'>ut</span> <span class='ocrx_word' id='word_1_208' title='bbox 988 2591 1035 2647; x_wconf 88' lang='lat' dir='ltr'>ea,</span> <span class='ocrx_word' id='word_1_209' title='bbox 1052 2591 1138 2651; x_wconf 93' lang='lat' dir='ltr'>quae</span> <span class='ocrx_word' id='word_1_210' title='bbox 1154 2581 1230 2633; x_wconf 92' lang='lat' dir='ltr'>sunt</span> <span class='ocrx_word' id='word_1_211' title='bbox 1246 2580 1318 2634; x_wconf 93' lang='lat' dir='ltr'>orta</span> <span class='ocrx_word' id='word_1_212' title='bbox 1331 2570 1397 2633; x_wconf 93' lang='lat' dir='ltr'>iam</span> <span class='ocrx_word' id='word_1_213' title='bbox 1413 2603 1443 2640; x_wconf 77' lang='grc' dir='ltr'>ιο</span> 
     </span>
    </p>

    <p class='ocr_par' dir='ltr' id='par_1_7' title="bbox 128 2674 1397 2756">
     <span class='ocr_line' id='line_1_22' title="bbox 128 2674 1397 2756; baseline 0.002 -21"><span class='ocrx_word' id='word_1_214' title='bbox 128 2695 181 2746; x_wconf 75' lang='lat'>³57</span> <span class='ocrx_word' id='word_1_215' title='bbox 196 2674 229 2736; x_wconf 92' lang='lat' dir='ltr'>in</span> <span class='ocrx_word' id='word_1_216' title='bbox 254 2674 349 2737; x_wconf 92' lang='lat' dir='ltr'>nobis</span> <span class='ocrx_word' id='word_1_217' title='bbox 378 2682 411 2736; x_wconf 92' lang='lat' dir='ltr'>et</span> <span class='ocrx_word' id='word_1_218' title='bbox 434 2684 613 2756; x_wconf 89' lang='lat' dir='ltr'>procreata,</span> <span class='ocrx_word' id='word_1_219' title='bbox 639 2675 757 2738; x_wconf 91' lang='lat' dir='ltr'>educet</span> <span class='ocrx_word' id='word_1_220' title='bbox 784 2684 886 2756; x_wconf 89' lang='lat' dir='ltr'>atque</span> <span class='ocrx_word' id='word_1_221' title='bbox 916 2674 1088 2738; x_wconf 88' lang='lat' dir='ltr'>confirmet</span> <span class='ocrx_word' id='word_1_222' title='bbox 1101 2695 1109 2752; x_wconf 91' lang='grc'><strong>;</strong></span> <span class='ocrx_word' id='word_1_223' title='bbox 1142 2693 1254 2736; x_wconf 89' lang='lat' dir='ltr'>verum</span> <span class='ocrx_word' id='word_1_224' title='bbox 1284 2683 1397 2738; x_wconf 91' lang='lat' dir='ltr'>tamen</span> 
     </span>
    </p>
   </div>
   <div class='ocr_carea' id='block_1_4' title="bbox 196 2828 774 4646">
    <p class='ocr_par' dir='ltr' id='par_1_8' title="bbox 196 2828 771 3350">
     <span class='ocr_line' id='line_1_23' title="bbox 232 2828 770 2883; baseline 0.004 -9"><span class='ocrx_word' id='word_1_225' title='bbox 232 2841 253 2874; x_wconf 82' lang='lat'><strong>2.</strong></span> <span class='ocrx_word' id='word_1_226' title='bbox 267 2831 351 2883; x_wconf 81' lang='lat' dir='ltr'>locos,</span> <span class='ocrx_word' id='word_1_227' title='bbox 358 2834 402 2877; x_wconf 89' lang='lat' dir='ltr'>not</span> <span class='ocrx_word' id='word_1_228' title='bbox 414 2828 439 2876; x_wconf 92' lang='lat' dir='ltr'>in</span> <span class='ocrx_word' id='word_1_229' title='bbox 450 2828 492 2877; x_wconf 89' lang='lat' dir='ltr'>the</span> <span class='ocrx_word' id='word_1_230' title='bbox 503 2828 624 2878; x_wconf 86' lang='lat' dir='ltr'>technieal</span> <span class='ocrx_word' id='word_1_231' title='bbox 636 2843 713 2883; x_wconf 90' lang='lat' dir='ltr'>sense,</span> <span class='ocrx_word' id='word_1_232' title='bbox 725 2828 770 2876; x_wconf 92' lang='lat' dir='ltr'>but</span> 
     </span>
     <span class='ocr_line' id='line_1_24' title="bbox 197 2893 771 2956; baseline 0.005 -16"><span class='ocrx_word' id='word_1_233' title='bbox 197 2893 295 2956; x_wconf 87' lang='lat' dir='ltr'>‘plaoes</span> <span class='ocrx_word' id='word_1_234' title='bbox 304 2893 323 2950; x_wconf 90' lang='lat'>;’</span> <span class='ocrx_word' id='word_1_235' title='bbox 341 2894 367 2941; x_wconf 91' lang='lat' dir='ltr'>in</span> <span class='ocrx_word' id='word_1_236' title='bbox 378 2895 450 2942; x_wconf 90' lang='lat' dir='ltr'>order</span> <span class='ocrx_word' id='word_1_237' title='bbox 461 2901 488 2942; x_wconf 92' lang='lat' dir='ltr'>to</span> <span class='ocrx_word' id='word_1_238' title='bbox 502 2895 636 2942; x_wconf 90' lang='lat' dir='ltr'>remember</span> <span class='ocrx_word' id='word_1_239' title='bbox 647 2893 738 2956; x_wconf 82' lang='lat' dir='ltr'>things,</span> <span class='ocrx_word' id='word_1_240' title='bbox 751 2894 771 2943; x_wconf 91' lang='lat' dir='ltr'>it</span> 
     </span>
     <span class='ocr_line' id='line_1_25' title="bbox 196 2958 771 3022; baseline 0.002 -16"><span class='ocrx_word' id='word_1_241' title='bbox 196 2958 218 3006; x_wconf 92' lang='lat' dir='ltr'>is</span> <span class='ocrx_word' id='word_1_242' title='bbox 240 2974 368 3022; x_wconf 80' lang='lat' dir='ltr'>neeessary</span> <span class='ocrx_word' id='word_1_243' title='bbox 391 2966 418 3007; x_wconf 90' lang='lat' dir='ltr'>to</span> <span class='ocrx_word' id='word_1_244' title='bbox 440 2959 523 3022; x_wconf 86' lang='lat' dir='ltr'>assigrr</span> <span class='ocrx_word' id='word_1_245' title='bbox 546 2966 573 3008; x_wconf 93' lang='lat' dir='ltr'>to</span> <span class='ocrx_word' id='word_1_246' title='bbox 595 2959 638 3009; x_wconf 93' lang='lat' dir='ltr'>the</span> <span class='ocrx_word' id='word_1_247' title='bbox 657 2965 771 3008; x_wconf 89' lang='lat' dir='ltr'>concrete</span> 
     </span>
     <span class='ocr_line' id='line_1_26' title="bbox 196 3023 770 3088; baseline 0.002 -17"><span class='ocrx_word' id='word_1_248' title='bbox 196 3024 279 3088; x_wconf 88' lang='lat' dir='ltr'>image</span> <span class='ocrx_word' id='word_1_249' title='bbox 296 3025 329 3087; x_wconf 91' lang='lat' dir='ltr'>by</span> <span class='ocrx_word' id='word_1_250' title='bbox 339 3023 422 3073; x_wconf 83' lang='lat' dir='ltr'>which</span> <span class='ocrx_word' id='word_1_251' title='bbox 439 3024 497 3087; x_wconf 91' lang='lat' dir='ltr'>they</span> <span class='ocrx_word' id='word_1_252' title='bbox 512 3040 554 3073; x_wconf 87' lang='lat' dir='ltr'>are</span> <span class='ocrx_word' id='word_1_253' title='bbox 571 3024 726 3088; x_wconf 88' lang='lat' dir='ltr'>represented</span> <span class='ocrx_word' id='word_1_254' title='bbox 743 3030 770 3072; x_wconf 91' lang='lat' dir='ltr'>to</span> 
     </span>
     <span class='ocr_line' id='line_1_27' title="bbox 197 3088 770 3154; baseline 0.002 -17"><span class='ocrx_word' id='word_1_255' title='bbox 197 3090 239 3138; x_wconf 92' lang='lat' dir='ltr'>the</span> <span class='ocrx_word' id='word_1_256' title='bbox 258 3089 326 3137; x_wconf 90' lang='lat' dir='ltr'>mind</span> <span class='ocrx_word' id='word_1_257' title='bbox 349 3105 417 3138; x_wconf 92' lang='lat' dir='ltr'>some</span> <span class='ocrx_word' id='word_1_258' title='bbox 439 3088 540 3138; x_wconf 88' lang='lat' dir='ltr'>definite</span> <span class='ocrx_word' id='word_1_259' title='bbox 563 3089 630 3138; x_wconf 91' lang='lat' dir='ltr'>local</span> <span class='ocrx_word' id='word_1_260' title='bbox 652 3090 770 3154; x_wconf 87' lang='lat' dir='ltr'>position.</span> 
     </span>
     <span class='ocr_line' id='line_1_28' title="bbox 196 3154 771 3218; baseline 0 -16"><span class='ocrx_word' id='word_1_261' title='bbox 196 3155 259 3203; x_wconf 88' lang='lat' dir='ltr'>This</span> <span class='ocrx_word' id='word_1_262' title='bbox 271 3154 292 3202; x_wconf 92' lang='lat' dir='ltr'>is</span> <span class='ocrx_word' id='word_1_263' title='bbox 301 3154 402 3204; x_wconf 86' lang='lat' dir='ltr'>worked</span> <span class='ocrx_word' id='word_1_264' title='bbox 411 3161 454 3203; x_wconf 90' lang='lat' dir='ltr'>out</span> <span class='ocrx_word' id='word_1_265' title='bbox 465 3162 492 3204; x_wconf 89' lang='lat' dir='ltr'>at</span> <span class='ocrx_word' id='word_1_266' title='bbox 498 3154 571 3202; x_wconf 88' lang='lat' dir='ltr'>much</span> <span class='ocrx_word' id='word_1_267' title='bbox 580 3162 677 3218; x_wconf 85' lang='lat' dir='ltr'>greater</span> <span class='ocrx_word' id='word_1_268' title='bbox 684 3154 771 3217; x_wconf 83' lang='lat' dir='ltr'>length</span> 
     </span>
     <span class='ocr_line' id='line_1_29' title="bbox 197 3219 770 3284; baseline 0 -16"><span class='ocrx_word' id='word_1_269' title='bbox 197 3220 222 3268; x_wconf 91' lang='lat' dir='ltr'>in</span> <span class='ocrx_word' id='word_1_270' title='bbox 233 3219 266 3268; x_wconf 88' lang='lat' dir='ltr'>ad</span> <span class='ocrx_word' id='word_1_271' title='bbox 280 3220 369 3271; x_wconf 89' lang='lat' dir='ltr'>Her.</span> <span class='ocrx_word' id='word_1_272' title='bbox 354 3221 389 3270; x_wconf 92' lang='lat' dir='ltr'>ni.</span> <span class='ocrx_word' id='word_1_273' title='bbox 403 3225 431 3278; x_wconf 63' lang='grc' dir='ltr'>ἐξ</span> <span class='ocrx_word' id='word_1_274' title='bbox 447 3234 495 3282; x_wconf 83' lang='lat'>30-</span> <span class='ocrx_word' id='word_1_275' title='bbox 496 3234 535 3281; x_wconf 83' lang='lat'>32,</span> <span class='ocrx_word' id='word_1_276' title='bbox 548 3236 563 3268; x_wconf 89' lang='lat' dir='ltr'>a</span> <span class='ocrx_word' id='word_1_277' title='bbox 573 3236 680 3284; x_wconf 88' lang='lat' dir='ltr'>passage</span> <span class='ocrx_word' id='word_1_278' title='bbox 689 3220 770 3268; x_wconf 91' lang='lat' dir='ltr'>which</span> 
     </span>
     <span class='ocr_line' id='line_1_30' title="bbox 197 3285 498 3350; baseline -0.003 -16"><span class='ocrx_word' id='word_1_279' title='bbox 197 3287 218 3334; x_wconf 88' lang='lat' dir='ltr'>is</span> <span class='ocrx_word' id='word_1_280' title='bbox 229 3286 287 3336; x_wconf 92' lang='lat' dir='ltr'>well</span> <span class='ocrx_word' id='word_1_281' title='bbox 298 3285 377 3334; x_wconf 85' lang='lat' dir='ltr'>worth</span> <span class='ocrx_word' id='word_1_282' title='bbox 388 3286 498 3350; x_wconf 87' lang='lat' dir='ltr'>reading</span> 
     </span>
    </p>

    <p class='ocr_par' dir='ltr' id='par_1_9' title="bbox 197 3331 770 3480">
     <span class='ocr_line' id='line_1_31' title="bbox 232 3331 770 3429; baseline -0.002 -29"><span class='ocrx_word' id='word_1_283' title='bbox 232 3365 254 3412; x_wconf 83' lang='lat'><strong>3.</strong></span> <span class='ocrx_word' id='word_1_284' title='bbox 272 3367 334 3401; x_wconf 81' lang='lat' dir='ltr'>esso</span> <span class='ocrx_word' id='word_1_285' title='bbox 349 3354 515 3429; x_wconf 78' lang='lat' dir='ltr'>¹capiendos:</span> <span class='ocrx_word' id='word_1_286' title='bbox 533 3331 576 3400; x_wconf 91' lang='lat' dir='ltr'>the</span> <span class='ocrx_word' id='word_1_287' title='bbox 592 3367 644 3400; x_wconf 90' lang='lat' dir='ltr'>acc.</span> <span class='ocrx_word' id='word_1_288' title='bbox 662 3349 710 3399; x_wconf 88' lang='lat' dir='ltr'>and</span> <span class='ocrx_word' id='word_1_289' title='bbox 727 3350 770 3400; x_wconf 84' lang='lat' dir='ltr'>ins.</span> 
     </span>
     <span class='ocr_line' id='line_1_32' title="bbox 197 3416 737 3480; baseline 0 -16"><span class='ocrx_word' id='word_1_290' title='bbox 197 3416 294 3480; x_wconf 89' lang='lat' dir='ltr'>depend</span> <span class='ocrx_word' id='word_1_291' title='bbox 304 3433 336 3465; x_wconf 91' lang='lat' dir='ltr'>ou</span> <span class='ocrx_word' id='word_1_292' title='bbox 347 3419 456 3464; x_wconf 80' lang='lat' dir='ltr'>invenisse</span> <span class='ocrx_word' id='word_1_293' title='bbox 467 3416 567 3466; x_wconf 87' lang='lat' dir='ltr'>which</span> <span class='ocrx_word' id='word_1_294' title='bbox 560 3432 581 3464; x_wconf 88' lang='lat' dir='ltr'>rs</span> <span class='ocrx_word' id='word_1_295' title='bbox 593 3416 687 3467; x_wconf 85' lang='lat' dir='ltr'>carried</span> <span class='ocrx_word' id='word_1_296' title='bbox 697 3431 737 3465; x_wconf 89' lang='lat' dir='ltr'>on</span> 
     </span>
    </p>

    <p class='ocr_par' dir='ltr' id='par_1_10' title="bbox 230 3482 549 3547">
     <span class='ocr_line' id='line_1_33' title="bbox 230 3482 549 3547; baseline 0 -17"><span class='ocrx_word' id='word_1_297' title='bbox 230 3496 254 3542; x_wconf 82' lang='lat'><strong>5.</strong></span> <span class='ocrx_word' id='word_1_298' title='bbox 271 3488 397 3531; x_wconf 80' lang='lat' dir='ltr'>notaret:</span> <span class='ocrx_word' id='word_1_299' title='bbox 416 3498 454 3547; x_wconf 90' lang='lat' dir='ltr'>cp.</span> <span class='ocrx_word' id='word_1_300' title='bbox 469 3482 549 3543; x_wconf 64' lang='lat'>5²3⁶·</span> 
     </span>
    </p>

    <p class='ocr_par' dir='ltr' id='par_1_11' title="bbox 196 3545 774 4646">
     <span class='ocr_line' id='line_1_34' title="bbox 230 3545 770 3624; baseline -0.004 -29"><span class='ocrx_word' id='word_1_301' title='bbox 230 3545 253 3598; x_wconf 90' lang='lat'>6.</span> <span class='ocrx_word' id='word_1_302' title='bbox 271 3551 342 3596; x_wconf 85' lang='lat' dir='ltr'>loors</span> <span class='ocrx_word' id='word_1_303' title='bbox 353 3563 405 3605; x_wconf 83' lang='lat' dir='ltr'>pro</span> <span class='ocrx_word' id='word_1_304' title='bbox 417 3563 494 3598; x_wconf 80' lang='lat' dir='ltr'>uera</span> <span class='ocrx_word' id='word_1_305' title='bbox 511 3564 550 3624; x_wconf 88' lang='lat' dir='ltr'>cp.</span> <span class='ocrx_word' id='word_1_306' title='bbox 562 3545 716 3597; x_wconf 87' lang='lat' dir='ltr'>adHer.&#39;&#39;11i.</span> <span class='ocrx_word' id='word_1_307' title='bbox 733 3558 770 3609; x_wconf 92' lang='lat'><strong>17.</strong></span> 
     </span>
     <span class='ocr_line' id='line_1_35' title="bbox 196 3613 770 3677; baseline -0.005 -13.984"><span class='ocrx_word' id='word_1_308' title='bbox 196 3620 255 3673; x_wconf 80' lang='lat'>30⁴</span> <span class='ocrx_word' id='word_1_309' title='bbox 264 3629 336 3677; x_wconf 91' lang='lat' dir='ltr'>quem</span> <span class='ocrx_word' id='word_1_310' title='bbox 356 3613 507 3662; x_wconf 89' lang='lat' dir='ltr'>admodum</span> <span class='ocrx_word' id='word_1_311' title='bbox 526 3613 602 3677; x_wconf 88' lang='lat' dir='ltr'>igitur</span> <span class='ocrx_word' id='word_1_312' title='bbox 618 3614 659 3677; x_wconf 90' lang='lat' dir='ltr'>qui</span> <span class='ocrx_word' id='word_1_313' title='bbox 675 3613 770 3661; x_wconf 89' lang='lat' dir='ltr'>litteras</span> 
     </span>
     <span class='ocr_line' id='line_1_36' title="bbox 197 3678 770 3742; baseline -0.004 -15"><span class='ocrx_word' id='word_1_314' title='bbox 197 3679 283 3737; x_wconf 90' lang='lat' dir='ltr'>sciunt,</span> <span class='ocrx_word' id='word_1_315' title='bbox 310 3685 412 3742; x_wconf 89' lang='lat' dir='ltr'>possunt</span> <span class='ocrx_word' id='word_1_316' title='bbox 434 3678 461 3726; x_wconf 92' lang='lat' dir='ltr'>id</span> <span class='ocrx_word' id='word_1_317' title='bbox 483 3678 550 3741; x_wconf 91' lang='lat' dir='ltr'>quod</span> <span class='ocrx_word' id='word_1_318' title='bbox 579 3679 698 3727; x_wconf 86' lang='lat' dir='ltr'>dictatum</span> <span class='ocrx_word' id='word_1_319' title='bbox 726 3684 770 3734; x_wconf 89' lang='lat' dir='ltr'>est,</span> 
     </span>
     <span class='ocr_line' id='line_1_37' title="bbox 197 3717 771 3808; baseline -0.003 -16"><span class='ocrx_word' id='word_1_320' title='bbox 197 3717 303 3793; x_wconf 68' lang='lat' dir='ltr'>sedbehe</span> <span class='ocrx_word' id='word_1_321' title='bbox 313 3751 338 3793; x_wconf 91' lang='lat' dir='ltr'>et</span> <span class='ocrx_word' id='word_1_322' title='bbox 350 3745 459 3796; x_wconf 90' lang='lat' dir='ltr'>recitare.</span> <span class='ocrx_word' id='word_1_323' title='bbox 471 3744 537 3807; x_wconf 92' lang='lat' dir='ltr'>quod</span> <span class='ocrx_word' id='word_1_324' title='bbox 546 3744 701 3808; x_wconf 91' lang='lat' dir='ltr'>scripserunt,</span> <span class='ocrx_word' id='word_1_325' title='bbox 711 3743 771 3791; x_wconf 90' lang='lat' dir='ltr'>item</span> 
     </span>
     <span class='ocr_line' id='line_1_38' title="bbox 197 3807 770 3873; baseline -0.003 -16"><span class='ocrx_word' id='word_1_326' title='bbox 197 3811 241 3873; x_wconf 92' lang='lat' dir='ltr'>qui</span> <span class='ocrx_word' id='word_1_327' title='bbox 252 3810 407 3859; x_wconf 90' lang='lat' dir='ltr'>mnemonica</span> <span class='ocrx_word' id='word_1_328' title='bbox 424 3808 570 3864; x_wconf 88' lang='lat' dir='ltr'>didicerunt,</span> <span class='ocrx_word' id='word_1_329' title='bbox 583 3815 686 3872; x_wconf 88' lang='lat' dir='ltr'>possunt</span> <span class='ocrx_word' id='word_1_330' title='bbox 703 3807 770 3872; x_wconf 94' lang='lat' dir='ltr'>quod</span> 
     </span>
     <span class='ocr_line' id='line_1_39' title="bbox 197 3872 770 3930; baseline -0.003 -8"><span class='ocrx_word' id='word_1_331' title='bbox 197 3875 350 3923; x_wconf 89' lang='lat' dir='ltr'>audierunt&#39;</span> <span class='ocrx_word' id='word_1_332' title='bbox 344 3889 369 3922; x_wconf 87' lang='grc' dir='ltr'>ιιι</span> <span class='ocrx_word' id='word_1_333' title='bbox 392 3875 454 3923; x_wconf 92' lang='lat' dir='ltr'>locis</span> <span class='ocrx_word' id='word_1_334' title='bbox 476 3872 609 3930; x_wconf 86' lang='lat' dir='ltr'>collocare,</span> <span class='ocrx_word' id='word_1_335' title='bbox 632 3881 657 3922; x_wconf 90' lang='lat' dir='ltr'>et</span> <span class='ocrx_word' id='word_1_336' title='bbox 680 3889 710 3922; x_wconf 85' lang='lat' dir='ltr'>ex</span> <span class='ocrx_word' id='word_1_337' title='bbox 731 3873 770 3921; x_wconf 90' lang='lat' dir='ltr'>his</span> 
     </span>
     <span class='ocr_line' id='line_1_40' title="bbox 196 3939 770 4003; baseline -0.003 -15"><span class='ocrx_word' id='word_1_338' title='bbox 196 3940 338 3990; x_wconf 82' lang='lat' dir='ltr'>memoriter</span> <span class='ocrx_word' id='word_1_339' title='bbox 357 3940 521 4003; x_wconf 86' lang='lat' dir='ltr'>pronuntiare.</span> <span class='ocrx_word' id='word_1_340' title='bbox 554 3939 617 3988; x_wconf 89' lang='lat' dir='ltr'>Loci</span> <span class='ocrx_word' id='word_1_341' title='bbox 639 3954 708 3988; x_wconf 87' lang='lat' dir='ltr'>cerae</span> <span class='ocrx_word' id='word_1_342' title='bbox 728 3945 770 3986; x_wconf 87' lang='lat' dir='ltr'>aut</span> 
     </span>
     <span class='ocr_line' id='line_1_41' title="bbox 197 4004 769 4068; baseline -0.007 -12"><span class='ocrx_word' id='word_1_343' title='bbox 197 4006 297 4056; x_wconf 90' lang='lat' dir='ltr'>chartae</span> <span class='ocrx_word' id='word_1_344' title='bbox 317 4005 437 4054; x_wconf 89' lang='lat' dir='ltr'>simillimi</span> <span class='ocrx_word' id='word_1_345' title='bbox 455 4011 518 4064; x_wconf 91' lang='lat' dir='ltr'>sunt,</span> <span class='ocrx_word' id='word_1_346' title='bbox 536 4004 658 4068; x_wconf 84' lang='lat' dir='ltr'>imagines</span> <span class='ocrx_word' id='word_1_347' title='bbox 674 4004 769 4063; x_wconf 89' lang='lat' dir='ltr'>litteris,</span> 
     </span>
     <span class='ocr_line' id='line_1_42' title="bbox 197 4042 770 4136; baseline -0.005 -16"><span class='ocrx_word' id='word_1_348' title='bbox 197 4071 330 4135; x_wconf 89' lang='lat' dir='ltr'>dispositio</span> <span class='ocrx_word' id='word_1_349' title='bbox 348 4078 373 4119; x_wconf 90' lang='lat' dir='ltr'>et</span> <span class='ocrx_word' id='word_1_350' title='bbox 389 4042 546 4120; x_wconf 65' lang='lat' dir='ltr'>collocatio&#39;</span> <span class='ocrx_word' id='word_1_351' title='bbox 539 4070 676 4133; x_wconf 85' lang='lat' dir='ltr'>imaginum</span> <span class='ocrx_word' id='word_1_352' title='bbox 695 4069 770 4136; x_wconf 91' lang='lat' dir='ltr'>scrip-</span> 
     </span>
     <span class='ocr_line' id='line_1_43' title="bbox 197 4134 769 4200; baseline -0.007 -14"><span class='ocrx_word' id='word_1_353' title='bbox 197 4145 272 4192; x_wconf 86' lang='lat' dir='ltr'>turae,</span> <span class='ocrx_word' id='word_1_354' title='bbox 287 4137 457 4200; x_wconf 86' lang='lat' dir='ltr'>pronuntiatio</span> <span class='ocrx_word' id='word_1_355' title='bbox 468 4134 583 4184; x_wconf 63' lang='lat' dir='ltr'>lectioni)</span> <span class='ocrx_word' id='word_1_356' title='bbox 615 4135 682 4184; x_wconf 86' lang='lat' dir='ltr'>Part.</span> <span class='ocrx_word' id='word_1_357' title='bbox 693 4135 736 4184; x_wconf 93' lang='lat' dir='ltr'>Or.</span> <span class='ocrx_word' id='word_1_358' title='bbox 748 4145 769 4195; x_wconf 83' lang='lat'><strong>7.</strong></span> 
     </span>
     <span class='ocr_line' id='line_1_44' title="bbox 199 4200 771 4277; baseline -0.002 -26"><span class='ocrx_word' id='word_1_359' title='bbox 199 4200 230 4251; x_wconf 84' lang='lat'>26</span> <span class='ocrx_word' id='word_1_360' title='bbox 254 4203 411 4264; x_wconf 70' lang='grc' dir='ltr'>ι(ιιιειιιοιιει)</span> <span class='ocrx_word' id='word_1_361' title='bbox 437 4208 475 4250; x_wconf 92' lang='lat' dir='ltr'>est</span> <span class='ocrx_word' id='word_1_362' title='bbox 491 4201 596 4277; x_wconf 30' lang='lat' dir='ltr'>’gemina</span> <span class='ocrx_word' id='word_1_363' title='bbox 621 4201 771 4250; x_wconf 84' lang='lat' dir='ltr'>litteraturae</span> 
     </span>
     <span class='ocr_line' id='line_1_45' title="bbox 197 4267 771 4332; baseline -0.003 -16"><span class='ocrx_word' id='word_1_364' title='bbox 197 4267 305 4332; x_wconf 91' lang='lat' dir='ltr'>quodam</span> <span class='ocrx_word' id='word_1_365' title='bbox 328 4268 412 4326; x_wconf 91' lang='lat' dir='ltr'>modo,</span> <span class='ocrx_word' id='word_1_366' title='bbox 436 4273 461 4316; x_wconf 92' lang='lat' dir='ltr'>et</span> <span class='ocrx_word' id='word_1_367' title='bbox 489 4267 515 4314; x_wconf 91' lang='lat' dir='ltr'>in</span> <span class='ocrx_word' id='word_1_368' title='bbox 539 4267 656 4315; x_wconf 89' lang='lat' dir='ltr'>dissimili</span> <span class='ocrx_word' id='word_1_369' title='bbox 683 4281 771 4330; x_wconf 88' lang='lat' dir='ltr'>genere</span> 
     </span>
     <span class='ocr_line' id='line_1_46' title="bbox 197 4331 772 4399; baseline -0.003 -17"><span class='ocrx_word' id='word_1_370' title='bbox 197 4333 344 4399; x_wconf 74' lang='lat' dir='ltr'>persimilis:</span> <span class='ocrx_word' id='word_1_371' title='bbox 364 4348 423 4381; x_wconf 86' lang='lat' dir='ltr'>nam</span> <span class='ocrx_word' id='word_1_372' title='bbox 439 4339 466 4380; x_wconf 91' lang='lat' dir='ltr'>ut</span> <span class='ocrx_word' id='word_1_373' title='bbox 483 4332 528 4380; x_wconf 90' lang='lat' dir='ltr'>illa</span> <span class='ocrx_word' id='word_1_374' title='bbox 546 4339 642 4381; x_wconf 86' lang='lat' dir='ltr'>constat</span> <span class='ocrx_word' id='word_1_375' title='bbox 658 4349 689 4381; x_wconf 84' lang='lat' dir='ltr'>ex</span> <span class='ocrx_word' id='word_1_376' title='bbox 706 4331 772 4380; x_wconf 85' lang='lat' dir='ltr'>notis</span> 
     </span>
     <span class='ocr_line' id='line_1_47' title="bbox 197 4397 774 4462; baseline -0.007 -14"><span class='ocrx_word' id='word_1_377' title='bbox 197 4401 333 4449; x_wconf 89' lang='lat' dir='ltr'>litterarum</span> <span class='ocrx_word' id='word_1_378' title='bbox 350 4405 473 4455; x_wconf 87' lang='lat' dir='ltr'>etexeo,</span> <span class='ocrx_word' id='word_1_379' title='bbox 492 4397 583 4462; x_wconf 91' lang='lat' dir='ltr'>inquo</span> <span class='ocrx_word' id='word_1_380' title='bbox 600 4397 774 4461; x_wconf 90' lang='lat' dir='ltr'>imprimuntur</span> 
     </span>
     <span class='ocr_line' id='line_1_48' title="bbox 199 4462 774 4538; baseline -0.009 -24"><span class='ocrx_word' id='word_1_381' title='bbox 199 4466 257 4515; x_wconf 86' lang='lat' dir='ltr'>illae</span> <span class='ocrx_word' id='word_1_382' title='bbox 275 4472 356 4519; x_wconf 84' lang='lat' dir='ltr'>notae,</span> <span class='ocrx_word' id='word_1_383' title='bbox 373 4464 409 4512; x_wconf 92' lang='lat' dir='ltr'>sic</span> <span class='ocrx_word' id='word_1_384' title='bbox 423 4463 544 4512; x_wconf 84' lang='lat' dir='ltr'>conlectio</span> <span class='ocrx_word' id='word_1_385' title='bbox 561 4462 693 4538; x_wconf 80' lang='lat' dir='ltr'>memoriae</span> <span class='ocrx_word' id='word_1_386' title='bbox 710 4468 774 4510; x_wconf 88' lang='lat' dir='ltr'>tam-</span> 
     </span>
     <span class='ocr_line' id='line_1_49' title="bbox 198 4527 774 4596; baseline -0.005 -18"><span class='ocrx_word' id='word_1_387' title='bbox 198 4546 273 4596; x_wconf 89' lang='lat' dir='ltr'>quam</span> <span class='ocrx_word' id='word_1_388' title='bbox 284 4545 339 4578; x_wconf 89' lang='lat' dir='ltr'>cera</span> <span class='ocrx_word' id='word_1_389' title='bbox 356 4529 419 4577; x_wconf 88' lang='lat' dir='ltr'>locis</span> <span class='ocrx_word' id='word_1_390' title='bbox 433 4529 509 4578; x_wconf 88' lang='lat' dir='ltr'>utitur</span> <span class='ocrx_word' id='word_1_391' title='bbox 523 4536 547 4577; x_wconf 93' lang='lat' dir='ltr'>et</span> <span class='ocrx_word' id='word_1_392' title='bbox 563 4527 588 4576; x_wconf 89' lang='lat' dir='ltr'>in</span> <span class='ocrx_word' id='word_1_393' title='bbox 599 4527 660 4577; x_wconf 86' lang='lat' dir='ltr'>his&#39;</span> <span class='ocrx_word' id='word_1_394' title='bbox 653 4527 774 4590; x_wconf 84' lang='lat' dir='ltr'>imagines</span> 
     </span>
     <span class='ocr_line' id='line_1_50' title="bbox 198 4594 468 4646; baseline -0.008 0"><span class='ocrx_word' id='word_1_395' title='bbox 198 4602 226 4646; x_wconf 91' lang='lat' dir='ltr'>ut</span> <span class='ocrx_word' id='word_1_396' title='bbox 237 4596 333 4646; x_wconf 86' lang='lat' dir='ltr'>litteras</span> <span class='ocrx_word' id='word_1_397' title='bbox 344 4594 468 4644; x_wconf 71' lang='lat' dir='ltr'>collocat!</span> 
     </span>
    </p>
   </div>
   <div class='ocr_carea' id='block_1_5' title="bbox 819 2824 1399 4587">
    <p class='ocr_par' dir='ltr' id='par_1_12' title="bbox 824 2824 1398 2954">
     <span class='ocr_line' id='line_1_51' title="bbox 857 2824 1398 2891; baseline 0 -15"><span class='ocrx_word' id='word_1_398' title='bbox 857 2838 878 2890; x_wconf 92' lang='lat'><strong>7.</strong></span> <span class='ocrx_word' id='word_1_399' title='bbox 902 2829 1019 2888; x_wconf 82' lang='lat' dir='ltr'>fructus,</span> <span class='ocrx_word' id='word_1_400' title='bbox 1049 2824 1221 2891; x_wconf 68' lang='lat' dir='ltr'>‘advantage‘</span> <span class='ocrx_word' id='word_1_401' title='bbox 1242 2834 1287 2876; x_wconf 91' lang='lat' dir='ltr'>not</span> <span class='ocrx_word' id='word_1_402' title='bbox 1317 2843 1345 2877; x_wconf 90' lang='lat' dir='ltr'>as</span> <span class='ocrx_word' id='word_1_403' title='bbox 1372 2827 1398 2876; x_wconf 88' lang='lat' dir='ltr'>in</span> 
     </span>
     <span class='ocr_line' id='line_1_52' title="bbox 824 2898 891 2954; baseline 0 -13"><span class='ocrx_word' id='word_1_404' title='bbox 824 2898 891 2954; x_wconf 64' lang='grc' dir='ltr'><strong>ιιι.</strong></span> 
     </span>
    </p>

    <p class='ocr_par' dir='ltr' id='par_1_13' title="bbox 854 2960 1162 3021">
     <span class='ocr_line' id='line_1_53' title="bbox 854 2960 1162 3021; baseline 0 -14"><span class='ocrx_word' id='word_1_405' title='bbox 854 2960 877 3008; x_wconf 91' lang='lat'>8.</span> <span class='ocrx_word' id='word_1_406' title='bbox 895 2960 1066 3016; x_wconf 75' lang='lat' dir='ltr'>accipienda,</span> <span class='ocrx_word' id='word_1_407' title='bbox 1080 2962 1093 3016; x_wconf 64' lang='grc' dir='ltr'><strong>ξ</strong></span> <span class='ocrx_word' id='word_1_408' title='bbox 1109 2970 1162 3021; x_wconf 87' lang='lat'><strong>114.</strong></span> 
     </span>
    </p>

    <p class='ocr_par' dir='ltr' id='par_1_14' title="bbox 854 3023 1216 3086">
     <span class='ocr_line' id='line_1_54' title="bbox 854 3023 1216 3086; baseline -0.003 -13"><span class='ocrx_word' id='word_1_409' title='bbox 854 3037 877 3085; x_wconf 90' lang='lat'>9.</span> <span class='ocrx_word' id='word_1_410' title='bbox 895 3026 1041 3080; x_wconf 72' lang='lat' dir='ltr'>cogitaris:</span> <span class='ocrx_word' id='word_1_411' title='bbox 1060 3038 1099 3086; x_wconf 90' lang='lat' dir='ltr'>cp.</span> <span class='ocrx_word' id='word_1_412' title='bbox 1113 3023 1128 3070; x_wconf 90' lang='lat' dir='ltr'>i.</span> <span class='ocrx_word' id='word_1_413' title='bbox 1141 3035 1164 3083; x_wconf 87' lang='lat'>5.</span> <span class='ocrx_word' id='word_1_414' title='bbox 1179 3024 1216 3072; x_wconf 92' lang='lat'>18.</span> 
     </span>
    </p>

    <p class='ocr_par' dir='ltr' id='par_1_15' title="bbox 824 3086 1397 3214">
     <span class='ocr_line' id='line_1_55' title="bbox 856 3086 1397 3152; baseline -0.002 -16"><span class='ocrx_word' id='word_1_415' title='bbox 856 3102 895 3138; x_wconf 91' lang='lat'><strong>10.</strong></span> <span class='ocrx_word' id='word_1_416' title='bbox 908 3091 1091 3148; x_wconf 78' lang='lat' dir='ltr'>descriptum,</span> <span class='ocrx_word' id='word_1_417' title='bbox 1105 3086 1268 3151; x_wconf 78' lang='lat' dir='ltr'>‘arrangedz’</span> <span class='ocrx_word' id='word_1_418' title='bbox 1280 3103 1319 3152; x_wconf 87' lang='lat' dir='ltr'>ep.</span> <span class='ocrx_word' id='word_1_419' title='bbox 1327 3087 1344 3136; x_wconf 92' lang='lat' dir='ltr'>i.</span> <span class='ocrx_word' id='word_1_420' title='bbox 1356 3103 1397 3151; x_wconf 77' lang='lat'>43.</span> 
     </span>
     <span class='ocr_line' id='line_1_56' title="bbox 824 3167 879 3214; baseline 0.055 -14"><span class='ocrx_word' id='word_1_421' title='bbox 824 3167 834 3200; x_wconf 92' lang='lat'>1</span> <span class='ocrx_word' id='word_1_422' title='bbox 856 3168 879 3214; x_wconf 79' lang='lat'><strong>3.</strong></span> 
     </span>
    </p>

    <p class='ocr_par' dir='ltr' id='par_1_16' title="bbox 824 3169 1398 3345">
     <span class='ocr_line' id='line_1_57' title="bbox 839 3169 1398 3283; baseline -0.002 -16"><span class='ocrx_word' id='word_1_423' title='bbox 839 3169 894 3267; x_wconf 89' lang='grc' dir='ltr'>9ιι.</span> <span class='ocrx_word' id='word_1_424' title='bbox 910 3221 987 3268; x_wconf 84' lang='lat' dir='ltr'>uude</span> <span class='ocrx_word' id='word_1_425' title='bbox 1000 3221 1100 3274; x_wconf 69' lang='lat' dir='ltr'>dinem,</span> <span class='ocrx_word' id='word_1_426' title='bbox 1112 3219 1155 3269; x_wconf 91' lang='lat' dir='ltr'>i.e.</span> <span class='ocrx_word' id='word_1_427' title='bbox 1167 3233 1229 3281; x_wconf 89' lang='lat' dir='ltr'>your</span> <span class='ocrx_word' id='word_1_428' title='bbox 1245 3217 1337 3266; x_wconf 88' lang='lat' dir='ltr'>client:</span> <span class='ocrx_word' id='word_1_429' title='bbox 1358 3233 1398 3283; x_wconf 91' lang='lat' dir='ltr'>cp.</span> 
     </span>
     <span class='ocr_line' id='line_1_58' title="bbox 824 3289 906 3345; baseline 0.037 -14"><span class='ocrx_word' id='word_1_430' title='bbox 824 3289 906 3345; x_wconf 68' lang='lat'><strong>5102.</strong></span> 
     </span>
    </p>

    <p class='ocr_par' dir='ltr' id='par_1_17' title="bbox 820 3347 1398 3987">
     <span class='ocr_line' id='line_1_59' title="bbox 857 3347 1398 3412; baseline -0.004 -14"><span class='ocrx_word' id='word_1_431' title='bbox 857 3364 894 3412; x_wconf 84' lang='lat'><strong>14.</strong></span> <span class='ocrx_word' id='word_1_432' title='bbox 912 3353 982 3407; x_wconf 86' lang='lat' dir='ltr'>quid</span> <span class='ocrx_word' id='word_1_433' title='bbox 992 3351 1199 3408; x_wconf 83' lang='lat' dir='ltr'>responderint,</span> <span class='ocrx_word' id='word_1_434' title='bbox 1213 3347 1296 3397; x_wconf 87' lang='lat' dir='ltr'>‘what</span> <span class='ocrx_word' id='word_1_435' title='bbox 1307 3348 1398 3412; x_wconf 91' lang='lat' dir='ltr'>replies</span> 
     </span>
     <span class='ocr_line' id='line_1_60' title="bbox 821 3412 1398 3477; baseline -0.002 -14"><span class='ocrx_word' id='word_1_436' title='bbox 821 3415 880 3477; x_wconf 91' lang='lat' dir='ltr'>they</span> <span class='ocrx_word' id='word_1_437' title='bbox 895 3415 960 3464; x_wconf 88' lang='lat' dir='ltr'>have</span> <span class='ocrx_word' id='word_1_438' title='bbox 977 3415 1076 3477; x_wconf 85' lang='lat' dir='ltr'>already</span> <span class='ocrx_word' id='word_1_439' title='bbox 1091 3413 1194 3464; x_wconf 53' lang='lat' dir='ltr'>made?</span> <span class='ocrx_word' id='word_1_440' title='bbox 1210 3412 1334 3476; x_wconf 87' lang='lat' dir='ltr'>virtually,</span> <span class='ocrx_word' id='word_1_441' title='bbox 1353 3415 1398 3462; x_wconf 91' lang='lat' dir='ltr'>but</span> 
     </span>
     <span class='ocr_line' id='line_1_61' title="bbox 820 3478 1398 3544; baseline -0.002 -15"><span class='ocrx_word' id='word_1_442' title='bbox 820 3487 866 3529; x_wconf 88' lang='lat' dir='ltr'>not</span> <span class='ocrx_word' id='word_1_443' title='bbox 880 3481 905 3528; x_wconf 92' lang='lat' dir='ltr'>in</span> <span class='ocrx_word' id='word_1_444' title='bbox 917 3486 1011 3543; x_wconf 88' lang='lat' dir='ltr'>syntax,</span> <span class='ocrx_word' id='word_1_445' title='bbox 1024 3479 1163 3544; x_wconf 86' lang='lat' dir='ltr'>equivalent</span> <span class='ocrx_word' id='word_1_446' title='bbox 1175 3487 1202 3528; x_wconf 94' lang='lat' dir='ltr'>to</span> <span class='ocrx_word' id='word_1_447' title='bbox 1216 3478 1297 3527; x_wconf 88' lang='lat' dir='ltr'>‘what</span> <span class='ocrx_word' id='word_1_448' title='bbox 1313 3479 1398 3543; x_wconf 88' lang='lat' dir='ltr'>points</span> 
     </span>
     <span class='ocr_line' id='line_1_62' title="bbox 822 3543 1398 3631; baseline -0.005 -36"><span class='ocrx_word' id='word_1_449' title='bbox 822 3546 863 3608; x_wconf 90' lang='lat' dir='ltr'>(os</span> <span class='ocrx_word' id='word_1_450' title='bbox 887 3546 930 3594; x_wconf 94' lang='lat' dir='ltr'>the</span> <span class='ocrx_word' id='word_1_451' title='bbox 954 3545 1096 3631; x_wconf 82' lang='lat' dir='ltr'>opponent)</span> <span class='ocrx_word' id='word_1_452' title='bbox 1124 3544 1183 3609; x_wconf 89' lang='lat' dir='ltr'>they</span> <span class='ocrx_word' id='word_1_453' title='bbox 1205 3543 1269 3593; x_wconf 88' lang='lat' dir='ltr'>have</span> <span class='ocrx_word' id='word_1_454' title='bbox 1296 3543 1398 3606; x_wconf 89' lang='lat' dir='ltr'>already</span> 
     </span>
     <span class='ocr_line' id='line_1_63' title="bbox 822 3608 1398 3674; baseline -0.007 -14"><span class='ocrx_word' id='word_1_455' title='bbox 822 3609 960 3660; x_wconf 68' lang='lat' dir='ltr'>answered?</span> <span class='ocrx_word' id='word_1_456' title='bbox 996 3611 1051 3658; x_wconf 90' lang='lat' dir='ltr'>The</span> <span class='ocrx_word' id='word_1_457' title='bbox 1069 3610 1174 3674; x_wconf 89' lang='lat' dir='ltr'>reading</span> <span class='ocrx_word' id='word_1_458' title='bbox 1193 3609 1222 3657; x_wconf 84' lang='lat' dir='ltr'>oi</span> <span class='ocrx_word' id='word_1_459' title='bbox 1236 3608 1279 3657; x_wconf 89' lang='lat' dir='ltr'>the</span> <span class='ocrx_word' id='word_1_460' title='bbox 1298 3609 1398 3657; x_wconf 87' lang='lat' dir='ltr'>inferior</span> 
     </span>
     <span class='ocr_line' id='line_1_64' title="bbox 822 3674 1398 3753; baseline -0.002 -29"><span class='ocrx_word' id='word_1_461' title='bbox 822 3677 914 3726; x_wconf 54' lang='lat' dir='ltr'>MSS!</span> <span class='ocrx_word' id='word_1_462' title='bbox 922 3692 961 3725; x_wconf 90' lang='lat' dir='ltr'>cur</span> <span class='ocrx_word' id='word_1_463' title='bbox 954 3674 1175 3753; x_wconf 81' lang='lat' dir='ltr'>responderint&#39;&#39;</span> <span class='ocrx_word' id='word_1_464' title='bbox 1168 3691 1189 3723; x_wconf 86' lang='lat' dir='ltr'>rs</span> <span class='ocrx_word' id='word_1_465' title='bbox 1205 3674 1328 3738; x_wconf 87' lang='lat' dir='ltr'>probably</span> <span class='ocrx_word' id='word_1_466' title='bbox 1338 3675 1398 3737; x_wconf 89' lang='lat' dir='ltr'>only</span> 
     </span>
     <span class='ocr_line' id='line_1_65' title="bbox 822 3740 1399 3804; baseline -0.007 -12"><span class='ocrx_word' id='word_1_467' title='bbox 822 3759 837 3792; x_wconf 90' lang='lat' dir='ltr'>a</span> <span class='ocrx_word' id='word_1_468' title='bbox 848 3742 951 3791; x_wconf 89' lang='lat' dir='ltr'>careless</span> <span class='ocrx_word' id='word_1_469' title='bbox 962 3742 1135 3790; x_wconf 87' lang='lat' dir='ltr'>reminiscence</span> <span class='ocrx_word' id='word_1_470' title='bbox 1147 3741 1190 3791; x_wconf 78' lang='grc' dir='ltr'>οι·</span> <span class='ocrx_word' id='word_1_471' title='bbox 1199 3755 1238 3789; x_wconf 88' lang='lat' dir='ltr'>cur</span> <span class='ocrx_word' id='word_1_472' title='bbox 1232 3740 1399 3804; x_wconf 88' lang='lat' dir='ltr'>&#39;r-esponden</span> 
     </span>
     <span class='ocr_line' id='line_1_66' title="bbox 821 3805 1397 3882; baseline -0.003 -26"><span class='ocrx_word' id='word_1_473' title='bbox 821 3808 881 3856; x_wconf 94' lang='lat' dir='ltr'>dum</span> <span class='ocrx_word' id='word_1_474' title='bbox 898 3807 960 3856; x_wconf 85' lang='lat' dir='ltr'>sit:’</span> <span class='ocrx_word' id='word_1_475' title='bbox 980 3808 1000 3855; x_wconf 93' lang='lat' dir='ltr'>it</span> <span class='ocrx_word' id='word_1_476' title='bbox 1017 3807 1038 3855; x_wconf 91' lang='lat' dir='ltr'>is</span> <span class='ocrx_word' id='word_1_477' title='bbox 1055 3805 1144 3882; x_wconf 84' lang='lat' dir='ltr'>hardly</span> <span class='ocrx_word' id='word_1_478' title='bbox 1163 3805 1273 3870; x_wconf 91' lang='lat' dir='ltr'>possible</span> <span class='ocrx_word' id='word_1_479' title='bbox 1293 3811 1320 3854; x_wconf 90' lang='lat' dir='ltr'>to</span> <span class='ocrx_word' id='word_1_480' title='bbox 1339 3805 1397 3854; x_wconf 82' lang='lat' dir='ltr'>take</span> 
     </span>
     <span class='ocr_line' id='line_1_67' title="bbox 821 3871 1397 3932; baseline -0.002 -12"><span class='ocrx_word' id='word_1_481' title='bbox 821 3874 858 3920; x_wconf 83' lang='lat' dir='ltr'>cui</span> <span class='ocrx_word' id='word_1_482' title='bbox 874 3889 902 3921; x_wconf 84' lang='lat' dir='ltr'>as</span> <span class='ocrx_word' id='word_1_483' title='bbox 918 3880 1010 3932; x_wconf 88' lang='lat' dir='ltr'>neuter,</span> <span class='ocrx_word' id='word_1_484' title='bbox 1024 3871 1072 3920; x_wconf 88' lang='lat' dir='ltr'>and</span> <span class='ocrx_word' id='word_1_485' title='bbox 1089 3871 1132 3920; x_wconf 91' lang='lat' dir='ltr'>is</span> <span class='ocrx_word' id='word_1_486' title='bbox 1125 3879 1145 3920; x_wconf 87' lang='lat' dir='ltr'>rt</span> <span class='ocrx_word' id='word_1_487' title='bbox 1165 3871 1196 3921; x_wconf 93' lang='lat' dir='ltr'>be</span> <span class='ocrx_word' id='word_1_488' title='bbox 1215 3871 1358 3932; x_wconf 89' lang='lat' dir='ltr'>masculine,</span> <span class='ocrx_word' id='word_1_489' title='bbox 1376 3873 1397 3920; x_wconf 93' lang='lat' dir='ltr'>it</span> 
     </span>
     <span class='ocr_line' id='line_1_68' title="bbox 820 3937 1030 3987; baseline 0 0"><span class='ocrx_word' id='word_1_490' title='bbox 820 3938 887 3987; x_wconf 89' lang='lat' dir='ltr'>ruins</span> <span class='ocrx_word' id='word_1_491' title='bbox 899 3937 942 3987; x_wconf 93' lang='lat' dir='ltr'>the</span> <span class='ocrx_word' id='word_1_492' title='bbox 952 3953 1030 3987; x_wconf 88' lang='lat' dir='ltr'>sense.</span> 
     </span>
    </p>

    <p class='ocr_par' dir='ltr' id='par_1_18' title="bbox 819 4001 1397 4134">
     <span class='ocr_line' id='line_1_69' title="bbox 856 4001 1397 4062; baseline -0.004 -12"><span class='ocrx_word' id='word_1_493' title='bbox 856 4002 893 4052; x_wconf 89' lang='lat'><strong>16.</strong></span> <span class='ocrx_word' id='word_1_494' title='bbox 910 4006 1076 4062; x_wconf 77' lang='lat' dir='ltr'>prinoipem,</span> <span class='ocrx_word' id='word_1_495' title='bbox 1095 4001 1179 4050; x_wconf 84' lang='lat' dir='ltr'>‘chief</span> <span class='ocrx_word' id='word_1_496' title='bbox 1187 4002 1288 4057; x_wconf 88' lang='lat' dir='ltr'>source,’</span> <span class='ocrx_word' id='word_1_497' title='bbox 1299 4007 1343 4050; x_wconf 90' lang='lat' dir='ltr'>not</span> <span class='ocrx_word' id='word_1_498' title='bbox 1355 4016 1397 4048; x_wconf 91' lang='lat' dir='ltr'>un-</span> 
     </span>
     <span class='ocr_line' id='line_1_70' title="bbox 819 4066 1397 4134; baseline -0.005 -17"><span class='ocrx_word' id='word_1_499' title='bbox 819 4069 872 4118; x_wconf 85' lang='lat' dir='ltr'>like</span> <span class='ocrx_word' id='word_1_500' title='bbox 883 4084 929 4133; x_wconf 90' lang='lat' dir='ltr'>pro</span> <span class='ocrx_word' id='word_1_501' title='bbox 940 4068 1037 4117; x_wconf 87' lang='lat' dir='ltr'>Cluent.</span> <span class='ocrx_word' id='word_1_502' title='bbox 1052 4082 1089 4118; x_wconf 85' lang='lat'><strong>22.</strong></span> <span class='ocrx_word' id='word_1_503' title='bbox 1101 4066 1134 4116; x_wconf 90' lang='lat'>60</span> <span class='ocrx_word' id='word_1_504' title='bbox 1146 4068 1273 4134; x_wconf 82' lang='lat' dir='ltr'>&#39;princeps</span> <span class='ocrx_word' id='word_1_505' title='bbox 1284 4067 1397 4116; x_wconf 74' lang='lat' dir='ltr'>sceleris.¹</span> 
     </span>
    </p>

    <p class='ocr_par' dir='ltr' id='par_1_19' title="bbox 821 4137 1398 4328">
     <span class='ocr_line' id='line_1_71' title="bbox 856 4137 1398 4197; baseline -0.004 -16"><span class='ocrx_word' id='word_1_506' title='bbox 856 4145 894 4197; x_wconf 91' lang='lat'><strong>17.</strong></span> <span class='ocrx_word' id='word_1_507' title='bbox 906 4137 955 4183; x_wconf 79' lang='lat' dir='ltr'>sed</span> <span class='ocrx_word' id='word_1_508' title='bbox 963 4138 1032 4183; x_wconf 81' lang='lat' dir='ltr'>haee</span> <span class='ocrx_word' id='word_1_509' title='bbox 1044 4148 1119 4184; x_wconf 83' lang='lat' dir='ltr'>era..</span> <span class='ocrx_word' id='word_1_510' title='bbox 1129 4137 1297 4191; x_wconf 64' lang='lat' dir='ltr'>,confirmat</span> <span class='ocrx_word' id='word_1_511' title='bbox 1312 4147 1398 4195; x_wconf 88' lang='lat' dir='ltr'>paren·</span> 
     </span>
     <span class='ocr_line' id='line_1_72' title="bbox 822 4196 1397 4262; baseline -0.007 -14"><span class='ocrx_word' id='word_1_512' title='bbox 822 4199 939 4258; x_wconf 85' lang='lat' dir='ltr'>thetical;</span> <span class='ocrx_word' id='word_1_513' title='bbox 964 4199 1099 4248; x_wconf 86' lang='lat' dir='ltr'>‘confiteor</span> <span class='ocrx_word' id='word_1_514' title='bbox 1115 4196 1240 4262; x_wconf 89' lang='lat' dir='ltr'>equidem&#39;</span> <span class='ocrx_word' id='word_1_515' title='bbox 1262 4197 1337 4260; x_wconf 89' lang='lat' dir='ltr'>being</span> <span class='ocrx_word' id='word_1_516' title='bbox 1355 4212 1397 4245; x_wconf 87' lang='lat' dir='ltr'>an·</span> 
     </span>
     <span class='ocr_line' id='line_1_73' title="bbox 821 4236 1177 4328; baseline -0.009 -14"><span class='ocrx_word' id='word_1_517' title='bbox 821 4265 914 4315; x_wconf 91' lang='lat' dir='ltr'>swered</span> <span class='ocrx_word' id='word_1_518' title='bbox 925 4236 979 4328; x_wconf 82' lang='lat' dir='ltr'>by‘</span> <span class='ocrx_word' id='word_1_519' title='bbox 985 4263 1177 4314; x_wconf 88' lang='lat' dir='ltr'>verumtamen.</span> 
     </span>
    </p>

    <p class='ocr_par' dir='ltr' id='par_1_20' title="bbox 823 4325 1398 4526">
     <span class='ocr_line' id='line_1_74' title="bbox 857 4325 1398 4384; baseline -0.006 -7"><span class='ocrx_word' id='word_1_520' title='bbox 857 4331 895 4380; x_wconf 89' lang='lat'><strong>18.</strong></span> <span class='ocrx_word' id='word_1_521' title='bbox 920 4333 982 4381; x_wconf 80' lang='lat' dir='ltr'>eive</span> <span class='ocrx_word' id='word_1_522' title='bbox 1011 4334 1080 4378; x_wconf 82' lang='lat' dir='ltr'>artis</span> <span class='ocrx_word' id='word_1_523' title='bbox 1102 4332 1233 4384; x_wconf 74' lang='lat' dir='ltr'>imago.</span> <span class='ocrx_word' id='word_1_524' title='bbox 1246 4332 1337 4377; x_wconf 83' lang='lat' dir='ltr'>.ost=</span> <span class='ocrx_word' id='word_1_525' title='bbox 1343 4325 1398 4375; x_wconf 89' lang='lat' dir='ltr'>‘vel</span> 
     </span>
     <span class='ocr_line' id='line_1_75' title="bbox 823 4392 1396 4459; baseline -0.014 -12"><span class='ocrx_word' id='word_1_526' title='bbox 823 4397 882 4447; x_wconf 83' lang='lat' dir='ltr'>artis</span> <span class='ocrx_word' id='word_1_527' title='bbox 900 4396 992 4459; x_wconf 91' lang='lat' dir='ltr'>imago,</span> <span class='ocrx_word' id='word_1_528' title='bbox 1004 4396 1025 4443; x_wconf 91' lang='lat' dir='ltr'>si</span> <span class='ocrx_word' id='word_1_529' title='bbox 1037 4411 1067 4443; x_wconf 92' lang='lat' dir='ltr'>ea</span> <span class='ocrx_word' id='word_1_530' title='bbox 1082 4393 1166 4458; x_wconf 87' lang='lat' dir='ltr'>potius</span> <span class='ocrx_word' id='word_1_531' title='bbox 1182 4393 1234 4441; x_wconf 71' lang='lat' dir='ltr'>est!</span> <span class='ocrx_word' id='word_1_532' title='bbox 1268 4392 1335 4456; x_wconf 87' lang='lat' dir='ltr'><strong>Cp.&#39;</strong></span> <span class='ocrx_word' id='word_1_533' title='bbox 1328 4408 1345 4442; x_wconf 90' lang='lat'><strong>1.</strong></span> <span class='ocrx_word' id='word_1_534' title='bbox 1359 4405 1396 4454; x_wconf 81' lang='lat'>²3·</span> 
     </span>
     <span class='ocr_line' id='line_1_76' title="bbox 826 4455 1317 4526; baseline -0.01 -17"><span class='ocrx_word' id='word_1_535' title='bbox 826 4475 887 4526; x_wconf 89' lang='lat'>109:</span> <span class='ocrx_word' id='word_1_536' title='bbox 906 4460 1036 4519; x_wconf 76' lang='lat' dir='ltr'>Kiihner,¹</span> <span class='ocrx_word' id='word_1_537' title='bbox 1030 4461 1055 4510; x_wconf 91' lang='lat' dir='ltr'>ri.</span> <span class='ocrx_word' id='word_1_538' title='bbox 1068 4470 1124 4523; x_wconf 88' lang='lat'>954,</span> <span class='ocrx_word' id='word_1_539' title='bbox 1136 4455 1317 4519; x_wconf 86' lang='lat' dir='ltr'>note4and6.</span> 
     </span>
    </p>

    <p class='ocr_par' dir='ltr' id='par_1_21' title="bbox 858 4524 1209 4587">
     <span class='ocr_line' id='line_1_77' title="bbox 858 4524 1209 4587; baseline -0.003 -13"><span class='ocrx_word' id='word_1_540' title='bbox 858 4539 896 4577; x_wconf 74' lang='grc' dir='ltr'>ιι.</span> <span class='ocrx_word' id='word_1_541' title='bbox 914 4529 1021 4587; x_wconf 78' lang='lat' dir='ltr'>educet,</span> <span class='ocrx_word' id='word_1_542' title='bbox 1037 4530 1111 4586; x_wconf 74' lang='lat'>§124</span> <span class='ocrx_word' id='word_1_543' title='bbox 1120 4524 1209 4587; x_wconf 89' lang='lat' dir='ltr'>(note)</span> 
     </span>
    </p>
   </div>
   <div class='ocr_carea' id='block_1_6' title="bbox 0 0 1651 5036">
    <p class='ocr_par' dir='ltr' id='par_1_22' title="bbox 0 0 1651 5036">
     <span class='ocr_line' id='line_1_78' title="bbox 0 0 1651 5036; baseline 0 0"><span class='ocrx_word' id='word_1_544' title='bbox 0 0 1651 5036; x_wconf 95' lang='lat' dir='ltr'> </span> 
     </span>
    </p>
   </div>
  </div>
 </body>
</html>
