3310 5040
278 389 341 468 264
600 390 654 454 M.
681 388 858 456 ructu
880 387 1153 458 CICERONIS.

278 583 368 666 leges
392 581 521 647 licuisse
548 582 680 647 Decius.
734 581 856 647 Veniet
881 583 980 666 igitur
1001 584 1035 645 in
1054 583 1211 647 iudicium
1236 582 1407 648 licueritne
1434 605 1478 648 ex

279 696 412 750 senatus
435 686 584 750 consulto
607 689 787 751 servandae
812 688 857 751 rei
880 687 1031 769 publicae
1050 708 1158 751 causa.
1206 688 1381 771 Perspicua
1401 697 1479 752 sunt

279 790 361 854 haec
384 791 519 872 quidem
543 801 577 854 et
604 792 636 853 in
658 790 785 874 volgari
810 793 987 873 prudentia
1009 792 1091 868 sita;
1118 792 1177 854 sed
1202 791 1259 855 illa
1280 794 1478 874 quaerenda,

280 915 365 976 quae
379 903 413 959 et
428 895 471 958 ab
492 903 683 959 accusatore
707 904 740 958 et
760 916 781 958 a
800 895 971 986 defensore
991 905 1190 976 argumenta
1210 896 1254 958 ad
1275 896 1318 973 id,
1335 897 1425 977 quod
1444 897 1478 958 in

251 997 438 1065 sindicium
460 998 560 1074 venit,
585 998 771 1080 spectantia
791 998 916 1062 debent
939 996 1070 1061 adferri.
1113 997 1228 1080 Atque
1251 997 1305 1061 hic
1328 998 1408 1061 illud
1431 999 1478 1061 vi·
1492 999 1542 1065 31

78 1080 426 1202 .1,(„v..-';1endum
455 1111 514 1180 est,
541 1102 575 1164 in
606 1123 672 1184 quo
700 1122 848 1165 summus
875 1111 925 1166 est
951 1121 1039 1165 error
1068 1101 1206 1165 istorum
1237 1102 1478 1182 magistrorum,

1492 1085 1546 1130 133

240 1205 324 1268 (·ad
353 1225 437 1287 quos
467 1205 588 1269 liberos
619 1215 748 1270 nostros
784 1207 953 1282 mittimus,
984 1225 1050 1268 non
1081 1225 1148 1286 quo
1177 1204 1241 1268 hoc
1270 1205 1405 1287 quidem
1436 1206 1480 1270 ad

281 1308 457 1372 dicendum
481 1330 604 1391 magno
627 1330 727 1390 opere
749 1312 922 1392 pertineat,
942 1310 1001 1373 sed
1023 1291 1152 1372 tanieh*
1155 1317 1192 1372 ut
1211 1308 1358 1383 videatis,
1383 1310 1480 1391 quale

43 1385 197 1519 widi
279 1412 323 1475 sit
343 1431 446 1493 genus
467 1411 530 1476 hoc
552 1433 674 1490 eorum,
693 1415 749 1495 qui
770 1413 831 1476 sibi
856 1413 974 1477 eruditi
989 1413 1143 1477 videntur
1160 1408 1276 1500 [hebes
1297 1423 1396 1495 atque
1418 1415 1479 1476 im·

64 1521 204 1580 (va&
237 1539 267 1575 ro
281 1511 456 1602 politum]:
481 1519 686 1581 constituunt
709 1517 797 1581 enirn
819 1519 854 1581 in
876 1517 1056 1600 partiendis
1077 1517 1262 1581 orationum
1286 1517 1392 1581 modis
1412 1518 1479 1580 duo

113 1692 122 1711 .
186 1620 190 1626 ’
280 1640 402 1702 genera
425 1641 616 1684 causarum:
639 1641 742 1684 unum
765 1620 943 1703 appellant,
967 1622 1001 1683 in
1029 1641 1096 1702 quo
1119 1620 1189 1684 sine
1211 1622 1359 1703 personis
1380 1629 1480 1702 atque

72 1796 77 1807 ¹
131 1767 154 1801 ,.
166 1743 177 1776 ι
190 1723 216 1760 ’“
280 1723 486 1806 temporibus
498 1727 540 1788 de
551 1724 703 1788 universo
718 1744 838 1806 genere
853 1732 1045 1806 quaeratur3
1064 1723 1213 1802 alterum,
1226 1724 1316 1806 quod
1332 1725 1479 1805 personis

280 1830 378 1892 certis
403 1837 436 1892 et
461 1828 667 1910 temporibus
689 1827 885 1905 definiatur3
912 1827 1016 1909 ignari
1043 1829 1151 1891 omnis
1172 1836 1250 1891 cont
1267 1829 1420 1922 oversias,
1435 1826 1479 1918 ad

162 1923 241 2032 set(
280 1933 419 1996 universi
442 1935 571 2015 generis
590 1934 658 1995 vim
677 1941 711 1996 et
733 1940 886 1996 naturam
908 1930 1040 2011 reserri3
1064 1952 1141 1995 nam
1163 1933 1197 1994 in
1221 1847 1274 1996 eb
1279 1901 1352 2014 ipsa
1364 1909 1480 2008 'carisa
1493 1951 1548 1996 134

150 2015 158 2036 ι
237 2065 265 2115 15
281 2036 323 2100 de
339 2055 405 2117 qua
425 2046 503 2100 ante
518 2036 598 2114 dixi,
615 2035 695 2099 nihil
710 2036 855 2118 pertinet
869 2036 913 2099 ad
929 2036 1067 2100 oratoris
1082 2035 1173 2100 locos
1190 2035 1315 2119 Opimii
1330 2055 1480 2118 persona,
1542 2075 1545 2082 ·

280 2138 361 2202 nihil
378 2140 492 2217 Decii;
516 2141 559 2203 de
582 2140 654 2222 ipso
678 2141 766 2204 enim
790 2139 939 2204 universo
961 2160 1081 2224 genere
1102 2139 1230 2204 infinita
1251 2140 1402 2222 quaestio
1421 2150 1480 2218 est,

280 2263 359 2306 num
375 2265 482 2326 poena
497 2245 649 2308 videatur
672 2264 744 2308 esse
763 2244 975 2319 adficiendus,
993 2243 1049 2326 qui
1070 2244 1175 2309 civem
1192 2265 1235 2306 ex
1253 2255 1386 2308 senatus
1404 2264 1481 2308 con·

280 2347 367 2411 sulto
390 2348 516 2429 patriae
534 2348 777 2412 conservandae
800 2368 898 2412 causa
921 2348 1130 2422 interemerit,
1155 2367 1229 2411 cum
1253 2347 1286 2410 id
1310 2368 1368 2430 per
1389 2346 1481 2429 leges

281 2470 347 2514 non
363 2450 494 2528 liceret;
518 2451 608 2515 nulla
624 2452 766 2534 denique
780 2462 831 2515 est
850 2472 955 2530 causa,
971 2453 1005 2515 in
1020 2473 1086 2534 qua
1107 2451 1150 2528 id,
1165 2451 1254 2534 quod
1275 2452 1308 2514 in
1324 2452 1480 2515 iudicium

236 2589 267 2624 20
281 2554 381 2632 venit,
397 2575 526 2619 reorum
547 2555 698 2643 personis
719 2577 760 2631 ac
781 2576 847 2620 non
869 2577 1028 2646 generum
1051 2557 1198 2640 ipsorum
1219 2557 1369 2620 universa
1386 2555 1480 2620 dubi·

363 2635 601 2720 ΝΜ
705 2637 1018 2706 aemma
1351 2627 1415 2684 s·

283 2739 305 2789 5.
323 2725 418 2774 debeant
430 2724 491 2772 KP:
508 2727 588 2773 debera
599 2725 616 2777 S
628 2741 685 2774 cum
696 2725 720 2774 A
733 2731 758 2776 et
770 2727 842 2777 codd.
853 2734 914 2778 mut.
1046 2728 1068 2778 8.
1086 2727 1153 2791 quale
1163 2727 1192 2774 sir
1204 2726 1229 2775 K
1242 2741 1298 2774 cum
1310 2725 1351 2787 Αγ
1363 2725 1408 2788 Lg.
1424 2739 1445 2783 a,
1457 2737 1481 2790 4,

464 2789 553 2852 13,36.
586 2793 697 2856 quamsit
712 2791 758 2842 PS.
856 2808 880 2857 9.
898 2794 961 2843 tabes
972 2804 1039 2858 atque
1050 2792 1246 2855 impolitunrincl.
1257 2791 1291 2862 K,
1493 2792 1506 2830 t

1440 2842 1455 2870 ι,
1466 2829 1501 2865 al.

63 1199 67 1215 Ι

68 1257 189 1344 ῆι,Η

865 2863 980 2928 Utres*
1042 2842 1429 2924 penetrarugamgfmd

907 2945 1011 2996 tinction
1030 2961 1051 2994 rs
1071 2944 1101 2994 of
1117 2942 1235 3008 practical
1257 2944 1417 3007 importance,
1437 2943 1482 2992 but

907 3011 966 3074 they
977 3027 1018 3060 are
1029 3026 1115 3073 wrong
1126 3011 1151 3058 in
1163 3009 1265 3072 making
1272 3009 1292 3057 it
1304 3015 1331 3058 at
1342 3009 1383 3058 all.

941 3077 964 3126 8.
982 3079 1064 3134 quale
1084 3079 1123 3124 sit
1142 3090 1243 3132 genus:
1267 3075 1354 3124 Cicero
1373 3074 1436 3123 likes
1456 3081 1483 3123 to

314 2947 346 2993 id
367 2947 460 3002 ipsum
482 2949 567 3003 negat
592 2947 714 2995 licuisse.
754 2943 855 3001 Decius,

281 3010 332 3060 like
354 3010 396 3059 the
418 3011 547 3062 assailants
571 3011 601 3060 os
619 3010 707 3060 Cicero
732 3010 795 3059 alter
817 3010 857 3058 his

282 3075 430 3139 consulship,
450 3077 602 3125 maintained
625 3076 680 3125 that
702 3076 744 3125 the
772 3082 857 3126 senate

281 3142 332 3190 had
343 3149 387 3190 not
400 3142 448 3190 this
461 3142 617 3206 ‘dispensing
628 3143 737 3206 power:'
756 3141 804 3190 and
814 3157 856 3189 un·

282 3207 418 3270 doubtedly
425 3208 463 3256 his
470 3209 578 3271 position
586 3223 637 3257 was
646 3206 857 3269 constitutionally

282 3273 325 3320 the
334 3279 387 3321 true
398 3287 452 3322 one.
485 3273 531 3336 Cp.
545 3273 694 3329 Mommsen,
706 3272 738 3322 iv.
754 3274 807 3334 178.

316 3352 340 3399 4.
358 3343 523 3394 argumenta
538 3338 559 3385 is
575 3337 696 3386 attracted
717 3344 761 3386 out
779 3337 809 3386 ol
825 3337 858 3386 its

283 3403 355 3467 place
372 3403 425 3450 into
443 3402 484 3451 the
501 3401 602 3450 relative
620 3401 717 3450 clause:
741 3401 858 3450 translate

285 3469 344 3516 ‘but
355 3482 392 3516 we
404 3474 469 3516 must
480 3467 565 3517 search
581 3467 618 3516 for
635 3467 706 3515 those
718 3475 858 3530 arguments

284 3533 386 3598 bearing
397 3549 464 3598 upon
476 3534 518 3582 the
529 3533 642 3599 question
654 3539 680 3582 at
692 3533 756 3583 issue
766 3531 858 3590 which,

283 3602 338 3651 etc.‘

313 3677 334 3726 5.
352 3669 472 3716 debent:
490 3682 518 3715 so
530 3665 612 3714 Asnd
619 3670 684 3714 most
693 3663 768 3715 ofthe
783 3664 856 3714 codd.

283 3737 345 3781 mut.
381 3732 408 3780 If
421 3748 459 3780 we
475 3732 553 3781 retain
570 3733 664 3780 debeam
681 3730 743 3779 with
760 3731 793 3780 K.
809 3730 858 3779 and

284 3797 339 3845 Pid.
357 3813 416 3859 quae
431 3803 496 3845 must
512 3797 543 3846 be
559 3797 632 3846 taken
648 3813 703 3846 asa
720 3795 859 3860 dependent

284 3862 467 3924 interrogative,
478 3862 527 3909 and
538 3863 581 3910 illa
593 3862 614 3910 is
629 3864 663 3925 by
674 3861 806 3911 attraction
820 3861 859 3910 for

284 3927 352 3982 illud,
376 3941 403 3973 as
425 3927 449 3973 in
471 3926 539 3975 Lael.
562 3924 600 3975 16.
625 3927 657 3988 56
680 3926 858 3976 ‘constituendi

283 3998 368 4039 autem
384 3997 447 4046 sunt,
462 3991 505 4053 qui
519 3992 567 4039 sint
584 3992 609 4038 in
626 3992 737 4040 amicitia
754 3992 814 4040 fines
833 3999 858 4040 et

283 4056 353 4120 quasi
366 4055 463 4102 termini
474 4054 615 4118 deligendi’
649 4057 697 4105 But
713 4057 763 4106 this
773 4056 858 4106 would

283 4121 315 4170 be
331 4136 347 4168 a
363 4119 465 4168 harsher
481 4121 590 4169 instance
607 4121 667 4170 than
684 4137 733 4184 any
745 4122 774 4171 ol
786 4121 858 4170 those

283 4185 378 4250 quoted
387 4186 420 4249 by
431 4185 495 4234 Reid
511 4186 543 4234 ad
559 4185 608 4234 loc.
621 4202 649 4234 or
664 4187 698 4250 by
709 4186 814 4250 Madvig
825 4201 858 4235 on

282 4252 314 4300 de
331 4251 385 4301 Fin.
401 4267 424 4301 v.
444 4265 482 4300 ar.
502 4252 541 4314 58,
558 4251 607 4299 and
624 4251 682 4301 itis
701 4251 811 4300 needless
830 4257 858 4299 to

283 4317 341 4368 take
352 4318 372 4366 it
384 4333 412 4367 so
423 4317 447 4365 in
458 4317 512 4366 lace
524 4315 553 4365 ol
561 4315 603 4365 the
615 4317 670 4367 MS.
682 4316 809 4380 authority
819 4316 858 4365 lor

283 4386 372 4433 debeam

318 4458 340 4512 7.
358 4453 411 4498 hoa
430 4452 553 4507 quidem,
572 4463 605 4498 sc.
623 4447 666 4498 the
681 4447 786 4498 division
805 4446 857 4498 into

283 4517 382 4576 quaestio
393 4514 444 4564 and
455 4531 533 4563 causa.
566 4514 621 4563 The
633 4513 747 4563 themista
761 4529 802 4562 are
812 4521 858 4562 not

284 4578 343 4642 only
354 4595 440 4644 wrong
455 4580 481 4629 in
492 4580 556 4631 their
571 4581 672 4645 opinion
683 4579 740 4630 that
753 4578 796 4630 the
809 4579 858 4629 dis·

907 3148 1020 3205 separate
1038 3157 1108 3204 quam
1130 3140 1193 3188 from
1213 3140 1255 3189 the
1272 3140 1341 3188 word
1359 3139 1441 3188 which
1463 3140 1483 3187 it

908 3207 1028 3272 qualifies,
1044 3206 1106 3255 both
1119 3207 1143 3255 in
1155 3205 1330 3254 exclamatious
1344 3205 1393 3253 and
1408 3205 1433 3252 in
1448 3205 1483 3252 in·

908 3273 987 3321 direct
998 3273 1137 3335 questions:
1155 3286 1192 3334 cp.
1205 3270 1221 3319 i.
1231 3271 1269 3332 58.
1281 3270 1342 3334 246:
1359 3270 1408 3318 and
1418 3269 1483 3318 Reid

909 3354 941 3386 on
953 3337 1022 3386 Lael.
1036 3351 1058 3399 3.
1072 3351 1113 3392 10:
1134 3336 1214 3385 Acad.
1226 3337 1242 3385 i.
1257 3335 1303 3384 26:
1323 3335 1401 3384 hence
1413 3335 1483 3383 there

909 3403 930 3451 is
945 3419 978 3452 no
993 3402 1117 3465 objection
1134 3417 1165 3450 on
1183 3401 1233 3450 this
1249 3417 1317 3450 score
1332 3407 1360 3450 to
1373 3402 1416 3449 the
1430 3400 1483 3448 vul-

927 3474 982 3517 ate:
1011 3469 1056 3516 but
1079 3468 1122 3517 the
1143 3467 1237 3530 weight
1260 3467 1289 3521 os
1309 3465 1435 3530 authority
1458 3465 1483 3514 in

909 3483 997 3582 favour
1012 3533 1041 3582 of
1054 3534 1121 3596 quale
1132 3533 1153 3580 is
1165 3548 1194 3582 so
1205 3540 1281 3597 great,
1298 3548 1326 3581 as
1337 3539 1364 3580 to
1375 3531 1448 3579 make
1464 3530 1484 3579 it

909 3599 1030 3663 probable
1047 3599 1102 3647 that
1118 3600 1183 3647 lebes
1200 3609 1265 3666 atque
1284 3598 1413 3659 impolitam
1430 3597 1451 3645 is
1468 3611 1484 3645 a

910 3664 1024 3728 spurious
1035 3663 1156 3713 addition.

945 3743 983 3779 10.
1001 3734 1058 3780 duo
1069 3744 1185 3787 genera:
1203 3727 1298 3777 lntrod.
1310 3744 1334 3792 p.
1348 3726 1388 3790 56.

945 3808 983 3857 15.
1000 3800 1086 3853 looos,
1099 3795 1195 3858 ‘points
1208 3793 1236 3843 of
1245 3795 1324 3852 view,'
1335 3794 1379 3844 i.e.
1391 3792 1441 3843 line
1458 3791 1488 3842 of

910 3868 1046 3925 argument.

945 3927 982 3976 16.
1000 3931 1035 3977 de
1053 3929 1187 3976 universo
1208 3940 1310 3983 genere
1325 3928 1483 3983 quaeratur,

910 3992 1048 4055 ‘ageneral
1059 3993 1172 4055 question
1183 3992 1204 4040 is
1215 3991 1313 4040 raised!

942 4061 1054 4106 infinita
1062 4061 1190 4114 quaestio
1199 4062 1258 4107 est:
1275 4071 1313 4120 cp.
1320 4055 1363 4105 Or.
1370 4059 1434 4119 part.
1443 4067 1482 4116 30.

911 4120 958 4170 106
981 4123 1030 4171 ‘ita
1048 4121 1240 4186 disceptationes
1257 4137 1308 4178 eae,
1324 4134 1388 4184 quae
1403 4121 1429 4168 in
1445 4119 1485 4168 his

910 4187 1081 4236 controversiis
1103 4188 1221 4244 oriuntur,
1244 4202 1308 4252 quae
1335 4192 1391 4234 sunt
1412 4184 1485 4233 certis

909 4253 1019 4328 personis
1026 4259 1050 4301 et
1057 4254 1326 4317 temporibusnotatae‚
1335 4251 1397 4299 fiunt
1404 4264 1485 4298 rursus

908 4317 1026 4376 infinitae,
1038 4318 1204 4383 detractisque
1221 4317 1375 4381 temporibus
1390 4321 1415 4363 et
1431 4330 1486 4379 per·

907 4384 974 4433 souis
1000 4399 1083 4433 rursus
1105 4384 1137 4432 ad
1165 4382 1354 4433 consultationis
1380 4381 1487 4430 sormam

908 4450 1078 4514 rationemque
1089 4449 1249 4499 revocantur!

944 4529 982 4580 19.
999 4517 1131 4571 denique,
1145 4516 1183 4562 ‘in
1195 4513 1281 4562 short!

944 4594 983 4632 πο.
1013 4583 1149 4630 universa
1178 4574 1487 4629 dubitatione=infinita
