3286 5036
567 437 639 502 DE
672 438 767 504 ΘΚΑ
776 439 806 502 T
807 439 906 552 OliE
935 441 985 506 II.
1317 463 1378 530 313

178 645 232 689 me
250 633 363 692 tamen
386 629 419 693 id
440 649 504 692 non
527 631 675 712 puderet,
691 631 781 712 quod
804 651 846 695 ne
866 630 912 695 illi
933 625 1071 713 quidem'
1089 631 1218 711 scirent,
1234 633 1290 715 qui
1305 635 1379 715 pol-

107 744 162 790 aee
178 728 362 795 licerentur.
393 732 503 797 Locus
518 743 630 798 autern
647 745 680 799 et
695 735 785 816 regio
800 737 895 817 quasi
910 735 1159 799 ridiculi-nam
1175 737 1207 800 id
1224 740 1377 818 proxime
1450 795 1451 798 ,

176 835 591 920 quaeritur-turpitudine
609 849 642 902 et
668 839 880 903 deformitate
902 841 1046 921 quadam
1065 840 1269 919 continetur3
1294 841 1375 921 haec

175 939 263 1000 enim
290 941 438 1005 ridentur
458 941 511 1005 vel
534 941 604 1006 sola
625 943 678 1006 vel
703 929 871 1020 maxime,⁸
886 963 972 1025 quae
998 952 1116 1008 notant
1143 953 1176 1007 et
1200 945 1375 1028 designant

174 1033 414 1125 turpitudinem
445 1046 591 1128 aliquam
617 1067 684 1110 non
712 1046 861 1129 turpiter.
918 1046 981 1111 Est
1011 1056 1131 1126 autem,
1156 1058 1194 1112 ut
1223 1050 1265 1112 ad
1293 1048 1403 1114 illudo

174 1148 310 1209 tertium
325 1150 464 1229 veniam,
481 1161 532 1215 est
554 1151 652 1232 plane
670 1151 807 1215 oratoris
828 1170 960 1214 movere
978 1151 1099 1229 risum;
1123 1152 1175 1215 vel
1196 1153 1285 1235 quod
1303 1153 1375 1235 ipsa

173 1249 321 1315 hilaritas
343 1253 607 1318 benevolentiam
630 1254 783 1319 conciliat
806 1256 844 1328 ei,
861 1274 920 1336 per
939 1274 1039 1336 quem
1060 1255 1205 1320 excitata
1228 1265 1298 1335 est;
1321 1257 1374 1320 vel

174 1355 264 1434 quod
290 1356 495 1421 admirantur
519 1379 635 1422 omnes
660 1379 800 1423 acumen
827 1379 893 1421 uno
919 1379 1018 1447 saepe
1044 1359 1077 1421 in
1102 1360 1204 1422 verbo
1227 1360 1373 1442 positum

173 1460 320 1524 maxime
336 1463 571 1545 respondentis,
588 1483 654 1526 non
670 1483 850 1545 numquam
867 1464 967 1526 etiam
983 1462 1192 1542 lacessentis3
1215 1464 1267 1528 vel
1283 1465 1373 1547 quod

172 1561 293 1646 frangit
316 1566 549 1645 adversarium,
572 1568 661 1648 quod
686 1568 835 1649 impedit,
857 1566 947 1648 quod
968 1567 1084 1645 elevat,
1107 1568 1196 1650 quod
1220 1569 1372 1647 deterret,
1390 1587 1420 1625 10

172 1669 261 1747 quod
285 1669 425 1750 refutat3
447 1671 501 1735 vel
523 1671 613 1753 quod
634 1672 741 1754 ipsum
762 1680 926 1734 oratorem
948 1669 1089 1752 politum
1110 1691 1183 1734 esse
1204 1671 1372 1746 hominem

171 1771 342 1852 significat,
372 1776 463 1856 quod
499 1776 673 1854 eruditum,
706 1775 796 1858 quod
831 1774 1003 1848 urbanum,
1037 1775 1250 1857 maximeque
1282 1775 1372 1857 quod

171 1877 340 1940 tristitiam
356 1898 394 1942 ac
410 1881 621 1943 severitatem
638 1881 768 1962 mitigat
784 1889 818 1942 et
836 1879 966 1942 relaxat
981 1879 1178 1961 odiosasque
1197 1899 1247 1941 res
1263 1899 1371 1961 saepe,

171 1999 253 2061 quas
287 1986 489 2065 argumentis
519 1983 599 2048 dilui
633 2004 698 2047 non
728 1984 825 2048 facile
857 1994 916 2057 est,
947 1983 1020 2046 ioco
1050 1983 1181 2064 risuque
1211 1982 1371 2047 dissolvit.

104 2102 156 2153 aar
172 2082 345 2165 Quatenus
369 2096 482 2150 autem
508 2087 575 2152 sint
599 2087 735 2152 ridicula
759 2088 933 2152 tractanda
956 2088 1085 2165 oratori,
1113 2106 1273 2168 perquam
1297 2087 1416 2159 dili-15

170 2198 288 2268 genter
311 2191 493 2255 videndum
523 2202 581 2270 est,
607 2194 640 2256 id
671 2193 760 2274 quod
792 2193 825 2254 in
855 2200 973 2274 quarto
1003 2192 1077 2255 loco
1103 2192 1280 2273 quaerendi
1311 2211 1370 2273 po-

168 2311 347 2357 sueramus.
394 2296 483 2358 Nam
507 2316 568 2360 nec
591 2296 727 2378 insignis
749 2296 944 2378 improbitas
971 2305 1005 2358 et
1027 2295 1151 2358 scelere
1174 2295 1285 2378 iuncta
1310 2315 1370 2360 nec

168 2415 277 2459 rursus
290 2398 420 2461 miseria
431 2401 566 2481 insignis
578 2402 703 2482 agitata
716 2401 854 2464 ridetur:
874 2399 1075 2464 facinorosos
1088 2400 1211 2462 maiore
1222 2401 1368 2481 quadam

167 2501 199 2563 vi
222 2522 322 2584 quam
346 2503 472 2567 ridiculi
490 2505 652 2568 volnerari
667 2504 802 2583 volunt3
827 2490 964 2568 miseros
986 2504 1090 2567 inludi
1109 2503 1234 2582 nolunt,
1250 2506 1311 2567 nisi
1333 2525 1368 2568 se

166 2606 251 2671 forte
273 2608 418 2686 iactant;
441 2611 643 2692 parcendum
661 2619 773 2673 autem
798 2610 945 2673 maxime
965 2618 1015 2672 est
1038 2609 1166 2672 caritati
1187 2606 1368 2686 hominum,
1382 2633 1412 2668 ιο

58 2741 74 2783 v
103 2716 152 2782 59
165 2732 208 2774 ne
230 2722 355 2776 temere
375 2714 409 2776 in
431 2734 488 2777 eos
511 2715 609 2794 dicas,
626 2715 681 2797 qui
705 2713 893 2797 diliguntur.
941 2713 1037 2777 Haec
1060 2713 1159 2794 igitur
1178 2712 1369 2776 adhibenda

96 2804 152 2850 ²³⁸
165 2825 215 2879 est
235 2818 379 2898 primum
401 2817 435 2881 in
458 2818 597 2883 iocando
622 2820 812 2896 moderati0,
828 2821 940 2901 itaque
963 2838 1002 2881 ea
1025 2815 1181 2880 facillime
1200 2815 1367 2890 luduntur,

165 2941 250 3002 quae
266 2942 373 3003 neque
387 2923 464 2986 odio
480 2942 602 3004 magno
619 2942 725 3005 neque
746 2923 967 2986 misericordia
988 2921 1136 2983 maxima
1152 2921 1252 3001 digna
1270 2931 1367 2998 sunt;

166 3045 267 3105 quam
288 3025 332 3088 ob
353 3044 422 3087 rem
442 3027 594 3089 materies
614 3027 722 3089 omnis
744 3026 953 3090 ridiculorum
977 3035 1028 3088 est
1050 3027 1083 3087 in
1105 3025 1151 3086 eis
1171 3023 1267 3100 vitiis,
1283 3043 1368 3105 quae

166 3139 242 3194 sunt
272 3129 305 3193 in
334 3130 403 3192 vita
435 3128 607 3193 hominum
640 3150 747 3211 neque
782 3149 932 3194 carorum
963 3148 1071 3211 neque
1101 3127 1365 3191 calamitosorum
1382 3155 1412 3206 ²5

170 3289 191 3324 1.
209 3292 237 3323 ne
245 3276 281 3324 illi
292 3275 383 3339 quidem
396 3273 455 3324 KS:
472 3289 500 3322 ru
511 3275 556 3338 ipsi
564 3275 656 3337 quidem
667 3275 703 3322 illi
712 3274 739 3322 P.
792 3287 830 3322 12.
845 3274 989 3336 maximeque
1000 3272 1053 3322 PS:
1071 3273 1172 3322 mxime
1183 3271 1255 3321 codd.
1267 3279 1327 3323 mut.
1340 3272 1366 3321 K

527 3353 566 3405 24.
584 3341 648 3388 ineis
659 3341 722 3389 vitiis
734 3339 791 3390 KS:
807 3341 832 3388 in
844 3341 892 3387 istis
903 3341 964 3388 vitiis
975 3339 1003 3388 P.

151 3491 154 3495 ·
202 3489 221 3522 r.
235 3478 355 3525 coirent.
368 3477 613 3532 ..pomoerentun
625 3475 667 3524 the
677 3475 739 3538 subj.
792 3475 860 3524 force
871 3474 901 3524 of
914 3490 946 3523 an
963 3474 1111 3538 opponent’s
1123 3472 1208 3522 attaclr
1220 3472 1254 3536 by
1266 3473 1367 3538 turning

167 3537 190 3591 is
201 3541 249 3591 due
260 3542 319 3606 only
328 3547 355 3590 to
367 3541 409 3591 the
420 3541 551 3590 attraction
564 3543 592 3590 of
601 3539 731 3604 ‘puderet'
791 3541 831 3589 his
848 3541 943 3590 serious
961 3541 1063 3603 charges
1083 3539 1136 3587 into
1153 3537 1265 3594 ridicule,
1283 3539 1366 3588 ‘ham-

201 3621 222 3670 3.
242 3609 434 3664 turpitudine:
453 3608 540 3656 Cicero
560 3608 582 3655 is
599 3606 742 3670 burrowing
791 3607 862 3669 pers'
880 3605 933 3653 him
951 3606 984 3668 by
1001 3605 1146 3668 preventing
1157 3605 1210 3653 him
1224 3605 1289 3652 from
1300 3620 1366 3668 pres-

164 3673 306 3723 Aristotle⁰s
324 3672 452 3722 definition
473 3672 555 3734 (Poet.
567 3688 588 3722 c
606 3671 633 3730 6)
646 3670 676 3720 τὸ
693 3671 741 3734 γὰρ
791 3672 848 3734 sing
859 3685 892 3719 on
910 3671 934 3718 in
946 3671 989 3718 the
1001 3685 1068 3718 same
1079 3670 1136 3725 line,
1149 3670 1280 3732 ‘damages
1297 3668 1364 3718 him'

166 3737 269 3802 γελοῖόν
291 3737 360 3786 ἐστιν
381 3736 511 3799 ἁμάρτημά
538 3756 562 3786 τι
590 3736 630 3784 nal
652 3734 740 3797 αἶσχος
791 3737 825 3800 by
836 3736 935 3798 turning
946 3736 998 3784 him
1010 3735 1304 3799 intoalaughing·stock
1315 3736 1366 3784 aud

164 3803 286 3854 ἀνωδύνον
305 3802 333 3851 οὐ
350 3802 499 3867 φθαρτικόνς
516 3819 549 3852 on
572 3803 654 3852 which
677 3802 739 3851 Bain
790 3802 849 3850 thus
860 3801 967 3864 robbing
978 3800 1031 3848 him
1040 3800 1070 3849 of
1078 3800 1117 3849 his
1128 3802 1366 3855 auctoritas,⁴deters

165 3869 276 3920 remarks
300 3869 359 3918 ‘He
378 3869 462 3918 would
484 3869 547 3917 have
568 3868 631 3917 been
654 3883 740 3916 nearer
789 3866 857 3916 him‘
876 3867 909 3929 by
926 3867 1041 3930 showing
1057 3866 1099 3915 the
1114 3867 1226 3930 superior
1238 3875 1365 3917 acuteness

164 3937 207 3985 the
218 3934 289 3984 mark
297 3935 318 3982 if
326 3935 358 3983 he
366 3934 417 3983 had
425 3935 553 3998 expressed
565 3934 585 3982 it
597 3949 624 3982 as
636 3933 743 4006 causing
789 3933 818 3982 of
826 3933 865 3981 his
878 3933 1027 3995 antagonist,
1037 3939 1043 3959 ¹
1053 3932 1142 3982 refutes
1153 3932 1221 3981 him'
1232 3932 1266 3996 by
1277 3932 1364 3997 laugh-

164 4000 306 4063 somethiug
328 4007 355 4049 to
383 4015 478 4064 appear
504 4015 575 4048 mean
604 3999 659 4048 that
686 4014 738 4046 was
789 3997 1137 4062 ingeway-hisaccusations.

166 4067 284 4130 formerly
291 4064 425 4130 dignified:
441 4066 480 4115 for
492 4073 519 4114 to
530 4064 614 4130 depict
631 4064 698 4113 what
716 4063 737 4114 is
822 4076 860 4124 17.
871 4078 923 4112 neo
930 4067 1044 4112 miseria
1055 4102 1060 4114 .
1071 4101 1076 4112 .
1087 4067 1224 4114 ‚rideturz
1237 4064 1323 4127 Quint.
1331 4064 1363 4116 vi.

164 4133 265 4196 already
292 4131 370 4181 under
402 4147 418 4180 a
451 4129 541 4180 settled
568 4131 682 4180 estimate
711 4129 739 4178 of
787 4141 810 4191 3.
836 4131 865 4177 28
890 4128 1039 4179 ‘inhumana
1063 4130 1141 4180 videri
1156 4129 1227 4180 'solet
1249 4130 1364 4181 fortunae

163 4213 302 4256 meanness‚
325 4197 371 4247 has
393 4196 459 4246 little
481 4212 565 4260 power
587 4204 614 4246 to
635 4195 699 4245 raise
721 4211 737 4244 a
785 4194 933 4246 insectatio?

163 4265 254 4329 laugh;
271 4261 736 4328 itcaumerelybeanoccasionofre·
819 4264 924 4311 scelere
947 4264 1057 4311 lunate:
1097 4261 1135 4309 for
1165 4261 1208 4312 the
1239 4259 1290 4310 abl.
1322 4278 1361 4326 cp.

164 4330 264 4394 flectiug
275 4344 320 4378 our
331 4345 386 4378 own
398 4328 493 4393 dignity
504 4328 537 4392 by
550 4325 723 4392 comparison.'
785 4325 867 4392 Roby,
880 4335 891 4387 5
904 4329 974 4376 1216.
993 4327 1054 4376 This
1064 4328 1230 4377 construction
1238 4328 1259 4375 is
1265 4326 1363 4376 limited

197 4394 220 4444 6.
238 4400 282 4444 est
302 4399 386 4452 plane
406 4399 541 4445 oratorie:
567 4394 600 4443 ·it
620 4394 642 4443 is
668 4391 736 4458 quite
786 4399 814 4442 to
825 4393 868 4442 the
878 4401 942 4457 part.
955 4393 1015 4457 perf.
1028 4393 1077 4442 and
1088 4394 1131 4441 the
1141 4393 1283 4456 gerundive.

163 4460 251 4510 within
263 4460 306 4510 the
317 4460 433 4524 province
444 4461 473 4508 of
482 4476 513 4510 an
525 4461 625 4509 orator!
822 4473 860 4521 19.
870 4461 982 4515 volunt,
991 4474 1024 4508 sc.
1032 4459 1153 4507 homines.
1177 4458 1259 4522 Roby,
1270 4457 1362 4518 51428.

197 4541 219 4590 9.
231 4529 429 4582 respondentia
441 4563 447 4575 .
461 4563 467 4575 .
480 4563 486 4575 .
498 4527 678 4575 lacessentia:
697 4539 736 4589 cp.
822 4538 859 4574 ao.
878 4528 1000 4581 ueritati,
1014 4529 1026 4582 ξ
1042 4523 1096 4572 206.
1130 4523 1180 4572 For
1194 4522 1237 4571 the
1253 4522 1362 4572 abstract

163 4593 181 4642 i.
196 4607 218 4656 5.
233 4601 271 4654 17.
786 4589 846 4639 used
858 4605 886 4638 as
898 4589 982 4638 alrind
991 4589 1020 4638 of
1029 4587 1163 4651 collective,
1174 4603 1213 4654 cp.
1224 4588 1240 4638 i.
1251 4602 1291 4654 53.
1299 4587 1362 4638 228:

198 4671 237 4708 ιο.
255 4658 369 4719 ΐτωιείῡ,
391 4657 438 4707 διο.
473 4655 527 4706 wit
549 4653 675 4706 ‘breaks’
693 4654 735 4706 the
786 4655 903 4706 ‘illorum
915 4652 1030 4704 orbitati'
1043 4656 1134 4720 (note).
1360 4655 1364 4669 ‘

749 4753 774 4804 Y
