3286 5036
567 429 648 493 DE
673 429 808 495 ORAT
807 430 907 495 ORE
937 433 988 496 II.
1324 444 1387 530 355

187 613 238 679 sin
253 626 324 680 tum
342 628 393 683 est
407 617 558 698 brevitas,
574 640 649 683 cunr
666 628 796 685 tantum
811 623 986 685 verborum
1002 631 1060 700 est,
1076 630 1237 706 quantum
1253 642 1387 688 necesse

187 730 246 798 est,
260 721 438 804 aliquando
459 723 492 786 id
512 743 595 805 opus
616 732 688 803 est;
711 726 769 788 sed
790 745 890 807 saepe
910 727 1006 790 obest
1020 726 1073 790 vel
1095 728 1242 790 maxime
1260 727 1293 790 in
1315 746 1387 789 nar-

186 827 297 901 rand0‚
314 846 380 888 non
397 826 503 889 solum
520 828 609 908 quod
625 827 859 891 obscuritatem
879 829 994 908 adfert,
1014 831 1072 894 sed
1089 831 1189 894 etiam
1206 831 1295 912 quod
1312 851 1386 894 earn

186 929 353 1005 virtutem,
375 951 460 1012 quae
484 933 679 994 narrationis
704 942 754 995 est
781 933 938 1011 maxima,
963 943 999 996 ut
1023 935 1164 997 iucunda
1189 935 1288 998 etad
1312 954 1386 1015 per-

186 1032 393 1096 suadendum
410 1036 662 1098 accommodata
676 1035 727 1109 sit,
744 1034 840 1099 tollit.
884 1037 1032 1101 Videant
1048 1037 1104 1100 illa
1400 1051 1415 1101 5

361 1157 437 1202 narn
461 1139 488 1200 is
511 1147 685 1221 postquam
709 1140 851 1203 excessit
875 1161 919 1203 ex
942 1139 1079 1222 ephebis
1103 1186 1109 1200 .
1138 1185 1145 1202 .
1171 1189 1178 1203 .
1203 1187 1210 1204 .

119 1253 172 1302 327
187 1259 288 1320 quarn
309 1240 410 1323 longa
432 1251 483 1304 est
501 1244 663 1306 narratiol
710 1243 822 1306 Mores
837 1243 1056 1308 adulescentis
1079 1245 1180 1326 ipsius
1204 1253 1238 1308 et
1260 1243 1386 1306 servilis

186 1347 400 1425 percontatio,
414 1366 501 1409 mors
514 1345 693 1429 Chrysidis,
706 1347 817 1410 voltus
832 1356 865 1411 et
880 1347 986 1411 forma
1002 1358 1035 1412 et
1051 1348 1244 1411 lamentatio
1258 1347 1386 1423 sororis,

185 1447 310 1529 reliqua
325 1447 472 1530 pervarie
488 1449 694 1532 iucundeque
717 1460 898 1514 narrantur.
944 1451 1073 1533 Quodsi
1089 1451 1174 1514 hanc
1189 1450 1385 1515 brevitatem

185 1552 386 1633 quaesisset:
1400 1575 1432 1612 ro

424 1655 565 1736 effertur,
588 1656 682 1735 imae,
705 1655 748 1720 ad
771 1657 957 1739 sepulcrum
980 1659 1140 1736 venimus

424 1761 457 1822 in
479 1760 590 1842 ignem
614 1761 769 1842 imposita
792 1771 850 1839 est,

186 1858 282 1950 [fere]
310 1864 425 1928 decem
452 1863 618 1927 versiculis
641 1873 750 1928 totum
777 1864 937 1928 conficere
967 1863 1147 1946 potuisset3
1182 1884 1385 1945 quamquam

184 1967 246 2031 hoc
273 1967 380 2048 ipsum
409 1966 570 2042 ‘effertus
599 1967 703 2046 imus,’
731 1969 897 2031 concisum
922 1977 972 2031 est
996 1969 1051 2046 ita,
1076 1977 1113 2031 ut
1143 1988 1209 2031 non
1233 1968 1385 2030 brevitati

116 2088 173 2135 sae
185 2071 341 2134 servitum
363 2071 414 2148 sit,
430 2070 489 2134 sed
509 2069 615 2153 magis
630 2072 807 2135 venustati.
853 2071 983 2153 Quodsi
1004 2071 1083 2134 nihil
1101 2072 1227 2149 fuisset,
1250 2071 1311 2134 nisi
1335 2072 1384 2133 ‘in
1402 2095 1431 2148 ¹5

184 2175 295 2256 ignem
322 2174 478 2256 imposita
502 2171 570 2253 est,’
595 2185 707 2240 tamen
735 2194 786 2237 res
810 2184 883 2240 tota
909 2177 1064 2257 cognosci
1090 2174 1186 2239 facile
1212 2174 1384 2256 potuisset.

185 2277 253 2341 Sed
282 2286 315 2341 et
340 2277 554 2342 festivitatem
579 2278 681 2343 habet
706 2280 849 2344 narratio
874 2278 1029 2342 distincta
1056 2279 1203 2360 personis
1228 2287 1261 2341 et
1285 2279 1386 2340 inter·

184 2390 307 2464 puncta
323 2383 537 2460 sermonibus,
553 2391 586 2446 et
602 2390 653 2446 est
669 2391 703 2446 et
718 2382 928 2464 probabilius,
945 2382 1035 2464 quod
1050 2393 1182 2463 gestum
1199 2401 1271 2445 esse
1286 2382 1385 2458 dicas,

184 2504 259 2548 cum
283 2506 381 2567 quem
403 2487 445 2549 ad
467 2486 603 2549 modum
619 2495 730 2550 actum
753 2485 796 2549 sit
819 2506 976 2568 exponen,
992 2494 1025 2549 et
1049 2485 1154 2549 multo
1175 2486 1321 2567 apertius
1341 2483 1384 2546 ad

185 2589 443 2671 intellegendum
461 2598 519 2667 est,
535 2589 562 2651 si
578 2588 789 2653 constituitur
806 2588 984 2671 aliquando
1004 2609 1043 2652 ac
1063 2609 1130 2651 non
1145 2588 1209 2653 ista
1224 2587 1384 2652 brevitate
1401 2609 1432 2644 πο

115 2711 171 2759 eae
185 2695 391 2775 percurritur.
435 2693 600 2774 Apertam
616 2693 703 2755 enim
727 2693 949 2757 narrationem
965 2700 1034 2756 tarn
1051 2713 1123 2757 esse
1137 2700 1269 2774 oportet
1284 2712 1386 2774 quam

218 2861 242 2911 5.
258 2847 430 2896 accommodate
440 2845 488 2894 PS.
523 2854 633 2908 occupata
644 2843 733 2906 ΑΜΖ,
744 2843 810 2892 unde
827 2843 853 2892 Κ
868 2843 976 2894 coniecit
987 2847 1107 2895 adcurate.
1173 2844 1253 2894 illas.
1276 2843 1342 2893 illam
1354 2843 1387 2893 K.

390 2913 426 2960 vel
436 2913 481 2960 illa
492 2911 521 2962 P.
621 2923 659 2973 ¹3·
669 2911 725 2972 sere
736 2925 785 2958 om.
796 2909 821 2959 S.
834 2913 902 2972 (cum
913 2910 986 2961 codd.
998 2914 1061 2975 opt.)
1074 2909 1131 2959 incl.
1144 2910 1178 2959 K.

220 3060 242 3098 1.
258 3051 378 3103 tentum,
391 3050 403 3105 ξ
419 3058 473 3108 150.
811 3043 870 3106 only
879 3045 903 3092 in
915 3048 966 3093 two
975 3044 1005 3093 of
1012 3045 1120 3094 Terence
1133 3045 1183 3108 (cp.
1193 3043 1388 3108 Umpfenbach).

219 3121 241 3176 5.
253 3116 378 3162 Videant
386 3115 449 3160 itta:
464 3127 498 3160 sc.
506 3111 546 3175 qur*
554 3126 656 3159 narrare
663 3109 761 3158 breviter
810 3109 865 3158 The
876 3109 926 3158 line
937 3109 957 3157 is
969 3109 1043 3158 made
1054 3125 1088 3174 up
1099 3109 1129 3158 of
1143 3109 1186 3159 the
1196 3109 1250 3158 first
1261 3107 1317 3157 half
1325 3110 1355 3158 of
1364 3127 1387 3159 v.

186 3180 270 3228 iubent.
304 3177 366 3226 This
384 3176 485 3240 reading
502 3177 524 3224 is
541 3175 596 3224 that
608 3175 637 3224 of
652 3174 694 3224 the
705 3175 761 3223 best
814 3184 861 3236 117
874 3175 923 3223 and
935 3174 977 3223 the
989 3174 1065 3223 latter
1076 3182 1133 3238 part
1144 3175 1173 3224 of
1180 3191 1203 3224 v.
1219 3175 1273 3223 128.

186 3244 267 3300 MSS..
287 3243 337 3292 snd
356 3243 417 3292 suits
435 3241 478 3290 the
496 3247 596 3289 context
611 3246 638 3288 at
653 3240 716 3289 least
733 3255 761 3288 as
846 3253 884 3288 12.
897 3242 1030 3297 inignem
1038 3243 1173 3297 imposita
1182 3246 1241 3289 est:
1253 3238 1296 3289 the
1305 3239 1387 3298 Mss,

185 3309 242 3358 well
258 3325 285 3358 as
296 3325 344 3372 any
356 3307 428 3357 other
438 3306 494 3356 that
504 3306 550 3355 has
560 3307 624 3355 been
635 3305 761 3354 extracted
811 3303 874 3354 both
891 3306 949 3354 here
966 3304 1016 3353 and
1033 3306 1057 3353 in
1074 3306 1191 3362 Terence,
1202 3321 1262 3369 vary
1278 3305 1388 3355 between

186 3381 231 3422 out
248 3374 277 3423 of
296 3374 338 3422 the
360 3372 484 3435 curiously
503 3371 588 3421 varied
609 3370 712 3433 reading
734 3370 765 3418 of
807 3369 1070 3432 positeandimposite.
1094 3371 1147 3420 Pid.
1157 3371 1205 3420 and
1213 3368 1290 3420 Sorof
1296 3372 1354 3420 read
1362 3375 1387 3420 in

185 3440 228 3488 the
245 3439 317 3488 MSS.
351 3438 405 3487 The
422 3437 552 3500 following
565 3436 707 3500 quotations
718 3450 761 3484 are
811 3437 864 3499 igni
871 3437 976 3496 positast.
987 3435 1093 3484 without
1102 3453 1150 3500 any
1158 3436 1284 3500 authority
1296 3436 1335 3485 for
1345 3436 1388 3486 the

185 3506 249 3554 from
259 3505 375 3557 Terence.
387 3503 465 3553 Andr.
479 3503 528 3563 51f.
541 3512 595 3564 117.
811 3500 926 3551 ablative.
950 3502 998 3565 cp.
1010 3501 1097 3550 Rhein.
1107 3501 1171 3550 Mus.
1181 3501 1213 3550 N.
1222 3503 1244 3549 F
1245 3539 1251 3552 .
1258 3503 1323 3552 xxiv.
1333 3516 1343 3549 1
1348 3505 1389 3563 38.

219 3570 242 3621 6.
259 3573 380 3619 excessit
397 3583 432 3619 ex
448 3570 565 3625 ephebia
579 3589 601 3607 =
616 3565 717 3627 ἐξῆλθεν
734 3563 760 3627 ἐξ
846 3580 884 3627 14.
906 3570 1058 3622 concisum.
1085 3567 1197 3616 ‘broken
1220 3565 1270 3630 up,'
1296 3567 1388 3616 almost

185 3635 284 3698 ἐφήβων
305 3637 379 3698 (Xen.
397 3636 455 3698 Cyr.
472 3634 487 3684 i.
511 3649 532 3682 2.
551 3635 610 3692 12);
626 3647 654 3680 so
672 3632 760 3680 Cicero
810 3631 883 3694 equal
900 3639 927 3681 to
952 3647 997 3680 our
1014 3629 1154 3682 ‘conciser'
1183 3636 1321 3682 servitum
1343 3635 1388 3689 sit,

185 3716 241 3764 says
253 3703 310 3765 (pro
321 3700 398 3750 Arch.
407 3714 429 3761 3.
438 3701 465 3762 4)
476 3702 516 3748 ‘ut
528 3697 760 3762 primumerrpueris
810 3697 913 3760 ‘regard
925 3696 946 3744 is
957 3694 1030 3760 paid.‘
1045 3702 1056 3755 5
1072 3708 1127 3760 171·

185 3768 288 3817 excessit
299 3764 419 3815 Archias?
848 3771 883 3824 17.
900 3764 1091 3818 festivitatem,
1110 3762 1249 3812 ‘liveliness
1258 3777 1263 3808 :
1273 3763 1280 3783 ⁹
1291 3763 1322 3811 de
1334 3763 1387 3813 Inv.

216 3827 760 3895 yaduleseentissc.Pamphilus:sservili
811 3825 828 3876 i.
848 3841 885 3891 19.
908 3839 937 3888 27
955 3825 1015 3875 ‘illa
1031 3828 1141 3876 narratio
1158 3844 1221 3891 quae
1237 3834 1350 3877 versatur
1361 3829 1388 3877 in

184 3899 366 3954 percontatio,
385 3895 442 3944 ‘the
457 3894 582 3958 questions
594 3893 623 3941 of
635 3893 677 3942 the
693 3893 761 3942 slave
811 3892 923 3956 personis
935 3892 1056 3942 eiusmodi
1069 3899 1113 3949 est,
1127 3900 1154 3941 ut
1166 3894 1191 3941 in
1203 3909 1233 3942 ea
1245 3894 1319 3943 simul
1331 3909 1388 3942 curn

184 3961 271 4012 Sosia’
303 3961 372 4010 Simo
385 3961 406 4008 is
417 3959 762 4024 representedasdescribing
811 3958 884 4006 rebus
896 3958 957 4021 ipsis
968 3973 1127 4022 personarum
1139 3974 1263 4008 sermones
1276 3967 1300 4008 et
1311 3960 1387 4008 animi

184 4035 212 4076 to
223 4029 262 4077 his
273 4028 340 4076 slave
352 4033 378 4076 at
393 4041 461 4075 some
478 4023 564 4087 length
581 4023 624 4072 the
640 4023 761 4073 excellent
811 4023 919 4088 perspici
939 4023 1043 4086 possint.
1078 4024 1137 4072 Hoc
1158 4025 1184 4072 in
1203 4039 1291 4088 genere
1308 4025 1387 4074 multa

185 4093 312 4143 character
322 4092 351 4141 of
359 4091 398 4140 his
409 4106 452 4139 son
466 4089 618 4153 Pamphilus,
630 4089 673 4138 the
685 4088 760 4138 death
812 4089 892 4138 inesse
903 4088 977 4138 debet
994 4088 1123 4149 festivitas,
1140 4090 1253 4139 confecta
1264 4107 1294 4140 ex
1306 4106 1387 4139 rerum

185 4158 214 4207 of
223 4159 333 4222 Chrysis,
347 4173 377 4206 an
391 4156 503 4205 Andriam
517 4156 646 4204 letaeraet
654 4154 759 4214 Athens,
810 4153 944 4209 varietate,‘
972 4162 1019 4204 etc.
1053 4157 1194 4210 distinete,
1216 4154 1387 4204 ·diversified.’

185 4224 228 4272 the
239 4223 368 4286 charming
375 4236 527 4286 appearance
536 4219 566 4268 of
570 4220 615 4270 her
621 4221 692 4269 sister
700 4220 760 4284 Gly·
810 4221 999 4279 interpuncta,
1013 4228 1019 4248 ⁸
1029 4220 1124 4269 broken
1136 4218 1188 4285 up!

185 4289 285 4344 cerium,
296 4289 340 4337 her
350 4287 416 4351 grief
424 4294 449 4336 at
467 4286 509 4336 the
526 4286 627 4339 funeral.
639 4285 681 4334 the
696 4302 761 4349 sym·
845 4299 883 4332 20.
901 4288 1098 4335 constituitur:
1122 4301 1150 4334 so
1173 4285 1215 4333 the
1237 4285 1327 4340 MSS.;
1347 4291 1353 4312 ⁴
1366 4286 1387 4334 is

185 4353 263 4418 pathy
275 4354 303 4402 of
316 4351 469 4416 Pamphilus,
481 4352 530 4400 and
547 4350 585 4400 his
600 4351 676 4399 alarrn
687 4352 759 4400 when
810 4350 921 4414 brought
932 4357 959 4399 to
976 4366 992 4398 a
1003 4351 1074 4408 halt:
1085 4350 1166 4398 which
1178 4350 1191 4398 1
1203 4349 1274 4398 think
1286 4365 1345 4413 may
1355 4351 1387 4400 be

186 4420 329 4484 Glycerium
347 4418 472 4483 appeared
490 4424 518 4466 to
537 4417 568 4465 be
585 4417 610 4465 iu
627 4417 722 4480 danger
733 4423 759 4466 at
809 4415 937 4464 defended.
972 4415 1047 4464 Some
1063 4415 1155 4464 editors
1171 4421 1259 4479 accept
1276 4414 1387 4464 thecon·

184 4485 226 4534 the
238 4484 332 4533 funeral
343 4499 410 4548 pyre.
805 4479 899 4542 jecture
910 4480 939 4529 of
947 4480 1084 4529 Lambinus
1095 4487 1101 4506 ⁶
1112 4477 1271 4529 consistitur?

220 4562 258 4599 11.
275 4553 406 4599 effertur:
425 4547 468 4596 the
479 4545 565 4597 earlier
584 4545 647 4595 form
657 4548 759 4607 ecfertur
843 4559 882 4594 21.
899 4546 1136 4609 apertam-raph,
1154 4543 1265 4596 ‘eleari’
1277 4551 1387 4611 epacte

184 4615 244 4666 does
263 4621 308 4665 not
326 4629 419 4679 appear
436 4613 462 4662 in
479 4628 527 4677 any
550 4611 605 4661 MS.
630 4610 757 4672 here,and
808 4610 922 4674 011583.
