3286 5036
574 435 646 501 aa
673 436 906 503 arraona
927 437 979 504 Π.
1315 405 1379 522 30'5

177 647 291 690 verum
307 635 429 704 tamen,
445 637 482 691 ut
496 626 587 703 dicis,
604 625 743 702 Antoni,
760 625 901 690 multum
919 625 952 690 in
969 626 1074 691 causis
1092 647 1250 710 persaepe
1265 623 1378 708 lepore

178 740 211 794 et
232 731 358 796 facetiis
374 731 485 814 profici
500 733 672 796 vidi-sed
688 751 764 796 cum
783 730 840 794 illo
858 731 891 793 in
911 751 1032 813 genere
1053 742 1232 814 perpetuae
1250 730 1374 795 festivi·

176 836 254 897 tatis
269 855 322 899 ars
345 855 410 899 non
429 837 653 912 desideretur3
678 843 795 899 natura
818 835 907 898 enim
930 834 1025 918 fingit
1047 835 1199 900 homines
1224 844 1258 899 et
1281 843 1372 899 creat

176 935 358 1002 imitatores
384 948 418 1002 et
441 950 624 1004 narratores
645 940 769 1004 facetos
792 939 969 1004 adiuvante
992 947 1025 1002 et
1052 938 1144 1003 voltu
1169 948 1202 1003 et
1228 958 1310 1002 voce
1339 948 1374 1002 et

176 1039 249 1122 ipso
277 1062 398 1124 genere
422 1044 590 1122 sermonis,
614 1052 686 1106 tum
712 1063 790 1106 vero
815 1043 849 1104 in
874 1042 937 1106 hoc
960 1041 1064 1106 altero
1091 1042 1272 1107 dicacitatis
1295 1042 1404 1125 quid5

177 1145 279 1209 habet
305 1167 357 1209 ars
386 1145 458 1224 loci,
479 1167 555 1211 cum
578 1155 657 1210 ante
681 1146 762 1209 illud
786 1146 891 1209 facete
915 1145 1041 1210 dictum
1064 1147 1219 1210 emissum
1242 1147 1376 1210 haerere
1427 1203 1432 1212 .

110 1267 164 1316 ano
179 1248 309 1328 debeat,
327 1271 427 1332 quam
452 1251 587 1332 cogitari
610 1250 757 1332 potuisse
777 1246 949 1313 videatur?
986 1249 1075 1332 Quid
1098 1251 1185 1314 enim
1207 1250 1261 1314 hic
1282 1272 1375 1314 meus

177 1353 278 1417 frater
314 1353 357 1417 ab
394 1364 465 1418 arte
493 1355 639 1418 adiuvari
671 1353 789 1435 potuit,
818 1373 892 1416 cum
924 1375 946 1417 a
975 1353 1128 1437 Philippo
1157 1355 1375 1437 interrogatus

178 1458 258 1539 quid
277 1457 421 1532 latraret,
437 1457 543 1520 furem
565 1479 601 1522 se
618 1458 730 1521 videre
748 1458 940 1539 respondit?
965 1458 1044 1540 quid
1064 1458 1097 1521 in
1115 1459 1206 1522 omni
1226 1459 1375 1522 oratione

179 1559 315 1625 Crassus
344 1560 397 1624 vel
429 1563 518 1644 apud
551 1561 771 1626 centumviros
808 1570 921 1624 contra
956 1561 1149 1626 Scaevolam
1178 1561 1231 1625 vei
1261 1572 1374 1626 contra
1391 1582 1422 1620 10

177 1675 401 1729 accusatorem
425 1665 574 1740 Brutum,
602 1685 676 1728 cum
704 1685 764 1746 pro
793 1663 854 1728 Cn.
878 1664 1011 1728 Plancio
1040 1664 1191 1730 diceret?
1230 1687 1306 1730 nam
1332 1667 1375 1744 id,

177 1769 266 1850 quod
283 1777 319 1831 tu
339 1768 419 1831 mihi
435 1769 559 1845 tribuis
575 1769 713 1846 Antoni,
730 1766 849 1832 Crasso
872 1778 922 1832 est
944 1769 1091 1831 omnium
1112 1770 1276 1833 sententia
1296 1790 1374 1834 con-

177 1873 382 1951 cedendum;
405 1893 471 1936 non
494 1873 582 1936 enim
604 1871 673 1935 fere
695 1873 869 1954 quisquam
890 1871 1068 1953 reperietur
1085 1882 1215 1954 praeter
1233 1873 1320 1937 hunc
1342 1874 1375 1936 in

162 1977 318 2058 'utroque
342 1997 463 2058 genere
485 1975 605 2058 leporis
629 1975 812 2039 excellens:
846 1985 879 2038 et
901 1975 966 2054 illo,
986 1977 1076 2058 quod
1099 1976 1132 2039 in
1154 1978 1376 2060 perpetuitate

13 2141 23 2151 ,
76 2092 79 2097 '
146 2080 345 2156 rsermonis,
364 2089 398 2144 et
417 2080 489 2158 hoc,
505 2080 595 2161 quod
616 2080 650 2143 in
671 2079 836 2142 celeritate
856 2089 957 2161 atque
976 2081 1066 2144 dicto
1082 2089 1141 2144 est.
1189 2081 1422 2146 Namhaec15

178 2193 339 2266 perpetua
365 2194 479 2246 contra
506 2181 701 2246 Scaevolam
733 2181 874 2246 Curiana
904 2182 1051 2246 defensio
1080 2194 1152 2249 tota
1181 2184 1376 2249 redundavit

177 2286 344 2351 hilaritate
355 2288 501 2368 quadam
517 2296 550 2350 et
565 2287 658 2364 ioco;
679 2287 769 2349 dicta
784 2286 839 2349 illa
854 2287 966 2350 brevia
981 2307 1047 2350 nou
1063 2286 1198 2365 habuit;
1219 2290 1377 2370 parcebat

178 2391 267 2454 enim
290 2392 467 2454 adversarii
490 2389 652 2474 dignitati,
673 2390 706 2452 in
728 2411 794 2472 quo
816 2391 887 2472 ipse
909 2390 1125 2454 conservabat
1146 2412 1260 2471 suam;
1287 2383 1391 2474 quod

178 2504 228 2559 est
243 2495 433 2558 hominibus
447 2495 562 2559 facetis
578 2503 612 2559 et
627 2494 794 2558 dicacibus
814 2494 1053 2570 difficillimum,
1069 2493 1191 2559 habere
1205 2495 1377 2559 hominum

650 2664 673 2715 6.
691 2666 798 2714 emissum
809 2664 866 2716 incl.
879 2665 912 2716 K.

176 2845 242 2894 Fest.
251 2843 436 2909 p.a57‘quippe
444 2841 584 2906 significare
592 2842 674 2906 quidni
682 2841 752 2891 testi·
802 2842 863 2892 with
880 2843 935 2893 Pid.
951 2844 1007 2894 that
1022 2843 1127 2894 Catulus
1143 2845 1169 2894 in
1185 2845 1225 2894 his
1241 2847 1310 2912 reply
1326 2863 1380 2897 was

57 2908 107 2972 ’χ
175 2911 260 2959 monio
282 2918 319 2960 est
341 2907 451 2962 Ennius:
473 2908 535 2957 with
554 2907 666 2956 Miiller's
693 2914 752 2956 note
802 2909 922 2972 charging
930 2909 1288 2976 Philippuswithrobbingthe
1296 2921 1379 2962 senate

175 2991 200 3040 p.
210 2989 258 3039 399
270 2980 350 3024 ‘nuuc
360 2981 443 3022 autem
454 2974 525 3022 multi
537 2973 660 3036 particula
670 2977 753 3037 quippe
803 2973 832 3022 of
840 2974 904 3023 their
915 2975 994 3038 rights
1005 2976 1053 3024 and
1064 2976 1203 3040 privileges.
1229 2978 1309 3027 There
1320 2995 1378 3042 may

175 3041 249 3089 nimis
271 3042 420 3096 abutuntur;
443 3039 552 3102 quippei
575 3053 633 3086 cum
649 3037 752 3102 originis
802 3038 917 3088 however
928 3041 958 3088 be
969 3055 985 3088 a
996 3040 1116 3089 reference
1128 3047 1155 3090 to
1167 3042 1205 3090 his
1217 3043 1339 3106 language
1352 3043 1377 3092 in

175 3105 242 3170 apud
255 3119 341 3154 omnes
351 3119 449 3152 summa
460 3103 532 3152 fuerit
544 3101 654 3154 oblivio!
802 3104 961 3169 introducing
970 3105 1009 3154 his
1025 3106 1138 3170 agrarian
1155 3107 1210 3166 lav,
1223 3108 1306 3156 which
1324 3108 1377 3158 Cic.

208 3175 279 3230 leve,
293 3176 351 3219 ‘not
363 3183 420 3232 very
430 3167 566 3232 dignified.’
803 3169 846 3231 (de
855 3169 903 3218 Off.
914 3169 932 3218 ii
954 3184 992 3218 21.
1006 3175 1047 3234 73)
1060 3171 1149 3235 speaks
1163 3173 1193 3220 of
1206 3187 1233 3221 as
1249 3173 1379 3238 ‘capitalis

110 3241 112 3250 “
209 3242 303 3286 totum
325 3239 379 3285 hoo
404 3237 494 3283 risum
520 3248 641 3283 movere.
669 3233 751 3297 Roby,
802 3235 890 3294 oratio,
898 3235 1377 3302 adaequationembonorumpertinens?

178 3307 285 3365 §1355.
319 3301 372 3350 Cic.
394 3300 426 3348 de
446 3299 535 3350 Fini.
558 3313 569 3347 1
589 3297 752 3348 ‘totumhoc
839 3313 875 3348 ro.
896 3305 1101 3351 centumviros:
1118 3303 1134 3353 i.
1147 3303 1187 3366 38.
1202 3313 1262 3366 173;
1280 3305 1378 3368 39.180

174 3364 363 3432 philosophari!
802 3365 904 3428 (notes).

211 3447 232 3480 a.
250 3434 424 3488 festivitatis,
438 3427 609 3494 ‘pleasautry’
838 3445 875 3479 11.
893 3435 1029 3482 Brutum:
1048 3433 1142 3484 Introd.
1152 3450 1176 3498 p.
1193 3448 1229 3485 12.
1263 3435 1378 3500 Nothing

210 3512 231 3560 3.
250 3501 433 3547 desideretur.
468 3497 545 3559 Many
561 3495 662 3544 inferior
678 3494 751 3545 MSS.
801 3499 823 3547 is
834 3497 924 3546 known
941 3497 1023 3548 oan.
1036 3498 1159 3559 Plancius,
1172 3515 1201 3550 or
1218 3501 1260 3549 the
1277 3517 1377 3550 accusa·

175 3563 238 3616 have
246 3564 408 3613 ‘desideratur
415 3559 432 3610 ι’
449 3561 495 3610 but
504 3577 542 3626 cp.
552 3562 633 3626 Roby,
644 3566 751 3624 §51534,
802 3564 855 3612 tion
867 3563 976 3626 brought
987 3565 1085 3626 against
1095 3565 1156 3614 him.

179 3642 255 3693 1735;
273 3627 357 3678 Madv.
371 3644 402 3677 on
417 3627 448 3676 de
461 3626 543 3676 Fini.
555 3627 579 3676 6.
594 3641 631 3690 19.
656 3627 685 3674 Iu
701 3627 751 3675 this
837 3642 874 3690 14.
891 3631 1003 3687 leporis,
1021 3629 1080 3678 used
1096 3630 1122 3678 iu
1134 3631 1166 3678 its
1177 3629 1264 3679 widest
1276 3645 1372 3680 sense=

177 3710 233 3744 case
250 3694 270 3743 it
287 3711 332 3743 can
349 3693 439 3757 hardly
455 3693 487 3741 be
504 3692 558 3741 said
574 3692 629 3741 that
646 3693 714 3742 there
731 3693 753 3740 is
797 3695 906 3756 facetiae,
919 3692 1090 3758 ‘pleasantry'

177 3758 752 3889 castrantes&
803 3758 1377 3889 asstare‘intestabili

176 3891 208 3941 de
220 3891 280 3940 Nat.
293 3891 326 3939 D.
338 3890 354 3938 i.
369 3902 390 3939 1.
404 3902 425 3938 1.
802 3889 1062 3954 hendiadys--‘ready
1072 3891 1131 3939 wit'
1143 3845 1262 3956 N'agelsll.
1275 3909 1300 3956 p.
1320 3893 1359 3942 86.

211 3973 233 4020 4.
263 3961 437 4005 narratores:
467 3951 511 4000 Or.
538 3952 576 4003 26.
599 3955 631 4014 87
654 3958 753 4002 ‘utetur
838 3966 874 4019 17.
893 3959 978 4015 dieta,
992 3957 1068 4005 ‘bons
1080 3959 1160 4006 mots.¹
1187 3957 1299 4008 Macrob.
1313 3958 1376 4020 (Sat.

178 4028 290 4086 utroque,
302 4021 345 4069 sed
357 4020 436 4068 altero
447 4018 547 4082 [genere
557 4017 713 4081 facetiarum]
727 4019 752 4066 in
801 4021 828 4070 ii.
844 4021 868 4082 1)
888 4028 976 4084 quotes
991 4020 1055 4070 from
1072 4037 1087 4070 a
1103 4022 1176 4071 letter
1195 4023 1223 4072 of
1238 4025 1326 4073 Cicero
1349 4031 1376 4074 to

177 4087 299 4137 narrando
315 4085 411 4149 aliquid
428 4090 535 4139 venuste.
553 4084 632 4133 altero
652 4084 753 4146 [dicact
803 4086 934 4136 Cornelius
962 4086 1063 4151 Nepos:
1091 4088 1188 4152 ‘itaque
1210 4091 1295 4149 nostri,
1320 4105 1377 4138 cum

177 4154 248 4218 tatis]
262 4153 286 4200 in
299 4151 411 4201 iaciendo
421 4149 591 4212 mittendoque
601 4148 724 4200 ridiculo!
803 4152 886 4201 omnia
898 4167 962 4215 quae
976 4152 1120 4201 dixissemus
1134 4153 1202 4202 dicta
1213 4160 1300 4211 essent,
1313 4171 1377 4219 quae

212 4220 235 4270 8.
253 4221 400 4274 Philippo:
418 4216 511 4264 Introd.
523 4231 548 4278 p.
562 4229 585 4276 5.
801 4216 879 4266 faoete
888 4224 913 4266 et
920 4217 1025 4266 breviter
1033 4225 1057 4267 et
1066 4225 1138 4268 acute
1147 4219 1225 4268 locuti
1234 4236 1341 4270 essemus
1348 4237 1377 4269 ea

211 4287 377 4348 platterat,
394 4282 454 4332 used
477 4280 507 4328 of
525 4280 636 4344 bawling
657 4288 753 4331 orators
802 4283 1010 4348 proprionomine
1018 4284 1138 4348 appellari
1147 4284 1377 4342 dictavoluerunt;'

176 4351 211 4414 by
220 4350 272 4400 Cic.
281 4349 348 4397 Brut.
356 4349 373 4396 i.
388 4360 425 4408 15.
433 4351 464 4410 58
477 4345 583 4395 ‘latrant
592 4348 641 4396 iam
650 4347 753 4411 quidam
802 4351 859 4405 ille,
868 4359 872 4374 ⁶
882 4348 912 4396 of
916 4349 959 4397 the
969 4349 1040 4398 other
1046 4347 1130 4399 casez'
1149 4351 1203 4397 irasc
1212 4351 1310 4398 andilla
1320 4350 1378 4399 here

179 4423 296 4472 oratores,
315 4429 364 4462 non
377 4410 540 4478 loquuntur3'
564 4413 608 4461 but
624 4413 652 4461 of
666 4428 753 4462 course
802 4414 895 4476 merely
911 4429 978 4463 serve
997 4415 1036 4462 for
1053 4414 1195 4464 distinction
1213 4415 1263 4462 like
1281 4415 1336 4463 ‘hic
1353 4421 1378 4464 et

179 4481 238 4530 here
258 4479 320 4528 with
339 4495 354 4528 a
372 4479 431 4544 play
448 4494 516 4542 upon
533 4477 575 4527 the
591 4479 708 4542 meaning
727 4478 757 4527 of
803 4477 961 4529 ille'=‘this
978 4495 1007 4528 or
1018 4476 1088 4534 that.'
1101 4480 1149 4527 and
1165 4480 1233 4528 there
1249 4495 1328 4528 seems
1344 4495 1378 4528 no

180 4547 277 4604 candus,
297 4542 412 4608 ‘puppy'
452 4544 583 4607 Philippus
603 4543 658 4592 said
679 4543 753 4608 ‘quid
803 4560 861 4608 very
872 4543 972 4592 definite
984 4560 1070 4593 reason
1082 4545 1120 4592 for
1132 4545 1196 4593 their
1203 4561 1279 4609 usage
1294 4545 1320 4594 in
1332 4560 1380 4595 one

179 4612 263 4668 latras,
276 4608 392 4660 Catulel'
411 4610 435 4658 It
447 4610 467 4658 is
478 4609 590 4659 needless
605 4615 632 4659 to
646 4624 754 4674 suppose
803 4625 832 4660 or
843 4611 886 4658 the
898 4610 969 4659 other
979 4609 1070 4660 clause.
