3286 5036
265 429 329 514 306
588 432 641 497 M.
668 428 842 498 TULLII
863 427 1128 500 CICERONIS

264 620 425 685 rationem
449 629 483 685 et
506 615 694 703 temporum
725 631 758 686 et
783 643 830 702 ea,
858 643 943 704 quae
973 630 1155 700 occurrunt,
1180 640 1256 686 cum
1286 622 1465 686 salsissime

264 725 328 787 dici
343 734 489 806 possunt,
504 734 636 804 tenere;
659 726 772 807 itaque
787 746 853 789 non
869 725 949 788 nulli
966 726 1092 790 ridiculi
1110 725 1261 789 homines
1276 726 1339 790 hoc
1354 728 1463 808 ipsum
1478 738 1536 784 222

264 848 331 891 non
347 829 468 892 insulse
480 830 744 911 interpretantur.
783 830 902 893 Dicere
918 829 1005 892 enim
1020 830 1113 893 aiunt
1126 829 1281 907 Ennium,
1293 829 1463 894 flammam

263 951 284 993 a
311 933 458 1014 sapiente
481 932 607 997 facilius
637 954 693 997 ore
723 934 756 996 in
785 934 922 996 ardente
945 933 1095 1014 opprimi,
1122 954 1224 1014 quam
1253 932 1342 997 bona
1375 935 1464 999 dicta

236 1043 398 1113 5teneat3
420 1037 502 1100 haec
524 1037 648 1102 scilicet
669 1038 758 1101 bona
778 1037 875 1115 dicta,
892 1057 978 1120 quae
1000 1037 1086 1100 salsa
1107 1038 1173 1101 sint
1185 1059 1192 1116 ;
1217 1058 1294 1101 nam
1316 1059 1355 1101 ea
1376 1039 1464 1102 dicta

265 1139 474 1220 appellantur
492 1143 624 1223 proprio
646 1141 713 1204 iam
736 1141 879 1204 nomine.
924 1137 993 1204 Sed
1010 1149 1046 1204 ut
1067 1141 1100 1203 in
1121 1139 1282 1205 Scaevola
1302 1142 1464 1205 continuit
1481 1143 1531 1210 55

266 1263 305 1306 ea
326 1244 462 1308 Crassus
482 1254 583 1326 atque
607 1245 640 1307 in
664 1243 721 1306 illo
746 1243 851 1308 altero
870 1263 998 1325 genere,
1019 1243 1053 1306 in
1075 1265 1142 1326 quo
1162 1244 1242 1307 nulli
1262 1245 1367 1308 aculei
1388 1265 1465 1308 con-

205 1370 209 1376 ·
265 1345 475 1410 tumeliarum
501 1348 638 1426 inerant,
664 1367 798 1410 causam
828 1347 919 1410 illam
950 1347 1277 1429 disputationemque
1306 1348 1391 1425 lusit,
1417 1349 1465 1412 sic

266 1452 299 1513 in
323 1451 435 1528 Bruto,
457 1472 561 1533 quem,
581 1453 697 1515 oderat
722 1461 755 1516 et
779 1471 879 1532 quem
903 1452 1041 1533 dignum
1064 1452 1265 1515 contumelia
1286 1452 1462 1528 iudicabat,

222 1575 252 1612 ιο
267 1564 406 1636 utroque
427 1574 547 1636 genere
569 1556 737 1638 pugnavit.
783 1553 894 1636 Quam
918 1555 1023 1619 multa
1045 1556 1088 1618 de
1109 1554 1243 1633 balneis,
1259 1576 1342 1636 quas
1359 1576 1466 1639 nuper
1478 1578 1534 1624 223
1637 1601 1638 1604 =

265 1658 321 1722 ille
335 1659 535 1737 vendiderat,
551 1680 651 1741 quam
670 1658 776 1722 multa
790 1658 832 1721 de
852 1659 975 1723 amisso
992 1660 1190 1740 patrimonio
1206 1661 1310 1723 dixitl
1348 1659 1466 1742 Atque

265 1762 321 1828 illa
336 1765 455 1838 brevia,
466 1784 541 1828 cum
557 1764 612 1827 ille
628 1765 752 1828 diceret
767 1784 803 1826 se
818 1764 891 1827 sine
903 1784 1003 1827 causa
1018 1764 1146 1839 sudare,
1160 1764 1312 1827 ‘minime
1328 1764 1466 1843 mirum,'

265 1869 372 1951 inquit
403 1870 527 1932 ‘modo
564 1870 652 1933 enim
690 1868 788 1931 existi
826 1868 868 1930 de
900 1864 1047 1932 balneis.’
1095 1867 1351 1931 Innumerabilia
1382 1869 1488 1933 talea.

264 1973 404 2049 suerunt,
419 1973 477 2036 sed
500 1992 567 2035 non
589 1973 695 2034 minus
716 1972 858 2034 iucunda
876 1969 932 2034 illa
948 1981 1124 2053 perpetua:
1148 1991 1223 2035 cum
1239 1973 1328 2035 enim
1344 1973 1466 2036 Brutus

221 2096 250 2147 15
266 2077 333 2140 duo
358 2075 497 2140 lectores
521 2077 698 2140 excitasset
722 2085 756 2140 et
781 2075 876 2139 alteri
899 2077 942 2139 de
965 2075 1094 2140 colonia
1118 2075 1326 2138 Narbonensi
1354 2074 1466 2139 Crassi

301 2225 322 2263 2.
340 2212 435 2260 ridiculi
445 2212 907 2272 lentim...inrerprerantur..enim
921 2212 979 2262 incl.
989 2212 1021 2261 K.
1058 2213 1236 2272 interpretantur
1263 2213 1337 2260 dicere
1361 2213 1466 2260 Ennium

266 2279 301 2328 P:
318 2280 393 2325 dicere
401 2279 460 2325 enim
472 2279 538 2326 aium
546 2278 619 2339 pienti
630 2277 704 2326 solita
716 2277 810 2326 incuria
822 2277 872 2326 Ab.
992 2290 1028 2326 12.
1046 2294 1097 2325 eum
1109 2279 1149 2324 ille
1161 2279 1243 2324 diceret
1254 2277 1291 2326 PS
1301 2294 1307 2332 3
1325 2287 1350 2324 ut
1360 2295 1413 2326 cum
1424 2281 1466 2326 ille

265 2345 352 2394 dicerer
363 2343 389 2390 K
400 2359 414 2392 e
425 2341 488 2404 conj.
542 2357 579 2404 13.
592 2345 650 2392 ralia
662 2343 759 2393 addidit
771 2343 858 2392 Halm.
891 2343 959 2392 liuius
967 2345 1031 2392 modi
1042 2342 1114 2393 codd.
1126 2358 1177 2392 non
1189 2343 1300 2407 optimae
1309 2349 1399 2394 uotae:
1416 2343 1463 2395 PS.

269 2423 306 2472 15.
324 2410 371 2456 duo
382 2408 441 2456 Ab:
465 2411 522 2456 duos
541 2409 595 2460 KP.

300 2538 322 2574 1.
339 2537 404 2573 aum
417 2561 422 2572 .
435 2559 441 2572 .
455 2530 601 2581 ,possunt
615 2527 655 2574 ‘at
666 2542 682 2573 a
694 2525 755 2574 time
767 2525 839 2573 when
887 2524 913 2573 in
931 2523 1007 2588 Verg.
1029 2524 1082 2573 Ecl.
1094 2524 1111 2574 i.
1131 2539 1161 2572 10
1179 2524 1278 2574 ‘ludere
1296 2539 1359 2588 quae
1375 2525 1466 2574 vellem

266 2590 325 2653 they
342 2591 415 2638 can:'
443 2589 486 2637 the
504 2589 575 2639 MSS.
595 2591 722 2654 authority
732 2590 754 2639 is
771 2606 840 2638 over·
888 2591 987 2639 calamo
1002 2591 1114 2654 permisit
1129 2591 1250 2654 agresti3'
1267 2591 1358 2653 Georg.
1370 2591 1402 2639 iv.
1416 2591 1464 2654 565

264 2653 426 2717 whelmingly
440 2655 538 2716 against
555 2657 596 2704 the
613 2655 656 2704 old
672 2656 774 2719 reading
786 2663 840 2704 ‘oc·
889 2656 1014 2704 ‘carmina
1021 2656 1064 2720 qui
1071 2657 1119 2705 lusi
1126 2657 1272 2720 pastorum?
1289 2657 1465 2720 CpNigelsb.

265 2719 376 2770 currant’
388 2720 438 2769 and
450 2726 456 2745 ⁴
466 2720 578 2782 possint!
889 2721 945 2772 Stil.
964 2737 990 2785 p.
1003 2723 1058 2785 284.
1091 2722 1140 2770 Mr.
1152 2722 1217 2771 Reid
1230 2723 1344 2771 however
1360 2721 1466 2786 happily

266 2849 272 2864 .
294 2802 317 2847 3.
327 2789 558 2842 interpretantur.
576 2785 670 2846 InAby
678 2785 727 2861 this
735 2800 840 2848 passage
889 2795 1002 2864 suggests
1013 2787 1117 2847 ‘elusit'
1128 2787 1236 2848 ‘foiled,’
1245 2787 1466 2864 releningcausam

264 2851 694 2980 iiiiii‘ie‘lipinignipiila
707 2857 840 2965 tillir
889 2852 1467 2983 “lilithinstillarent..

264 2982 342 3032 hence
358 2981 433 3032 Pid.’s
447 2982 548 3045 reading
562 2982 651 3045 (based
665 2997 733 3046 upon
750 2997 765 3030 a
782 2997 839 3030 con·
888 2983 1028 3048 invariably
1045 2984 1104 3034 used
1121 2985 1146 3032 in
1163 2985 1205 3033 the
1221 2985 1282 3034 time
1298 2984 1327 3032 of
1336 2985 1422 3033 Cicero
1438 2980 1471 3032 ot'

261 3048 357 3112 jecture
376 3048 406 3097 of
423 3047 524 3109 Bake's)
546 3048 609 3096 ‘hoc
631 3048 713 3111 ipsum
731 3085 736 3096 .
756 3085 761 3096 .
780 3085 786 3097 .
804 3048 840 3096 in-
889 3049 1002 3114 apublic
1013 3049 1089 3098 bath:
1106 3066 1145 3114 cp.
1154 3051 1243 3109 Varro,
1254 3051 1283 3098 L.
1293 3050 1322 3098 L.
1334 3051 1367 3099 ix.
1378 3049 1465 3108 68m;

265 3113 531 3190 terpretanturtdicere
546 3113 662 3190 Ennium,
679 3113 839 3162 flammama
888 3116 934 3164 but
962 3115 1117 3179 Marquardt,
1140 3115 1271 3190 Privatalt.
1291 3115 1340 3165 vol.
1363 3115 1380 3166 i.
1404 3121 1464 3163 note

265 3179 840 3309 {institististtriisiffltlizil.
888 3180 1469 3310 illiniti.lf’rf'lf..²t⁵.t¹t.ll¹;..⁰.l.ilt

265 3310 320 3358 that
337 3317 380 3358 too
398 3309 472 3358 much
491 3311 644 3373 importance
661 3316 727 3358 must
744 3317 789 3358 not
809 3311 840 3358 be
889 3329 904 3361 a
921 3313 985 3360 later
1001 3312 1059 3360 date
1075 3313 1099 3361 in
1111 3312 1194 3362 which
1208 3313 1314 3360 balneum
1330 3312 1432 3361 denotes
1449 3326 1467 3360 a

215 3399 217 3404 ·
264 3375 338 3439 given
350 3381 377 3422 to
386 3375 428 3423 the
438 3375 568 3424 omissions
577 3376 605 3424 of
610 3375 652 3424 the
663 3377 747 3423 codices
756 3377 839 3425 mutili.
889 3377 975 3443 public
992 3378 1068 3435 bath;
1085 3378 1135 3425 and
1150 3379 1176 3426 in
1193 3378 1275 3426 Plaut.
1293 3377 1369 3426 Most.
1383 3376 1429 3440 756
1441 3377 1467 3426 R

266 3441 353 3488 Hence
371 3440 391 3488 it
408 3440 430 3488 is
448 3441 528 3488 better
551 3448 578 3489 to
600 3440 727 3504 acquiesce
751 3441 775 3488 in
799 3441 840 3490 the
890 3449 949 3507 (742
962 3443 1032 3505 Lor.)
1045 3445 1147 3492 balineae
1156 3444 1386 3507 denotesaprivate
1396 3443 1466 3491 bath.

264 3507 372 3570 vulgate,
400 3505 449 3554 and
477 3505 595 3554 translate
617 3513 706 3554 ‘some
728 3505 840 3569 waggish
890 3509 913 3556 It
925 3525 977 3557 was
989 3515 1034 3556 not
1045 3523 1195 3557 uncommon
1207 3509 1246 3558 for
1256 3508 1341 3572 public
1352 3508 1425 3557 baths
1437 3515 1466 3556 to

264 3572 362 3621 fellows
373 3571 429 3635 give
440 3587 455 3620 a
466 3571 536 3634 witty
548 3577 603 3619 turn
618 3577 645 3620 to
657 3571 707 3619 this
723 3569 783 3626 too‚’
795 3572 840 3620 i.e.
889 3575 921 3624 be
937 3573 1039 3623 worked
1059 3574 1093 3637 by
1109 3573 1262 3638 speculators
1282 3574 1374 3634 (balnea
1395 3575 1467 3620 meri·

265 3645 292 3687 to
313 3638 355 3686 the
373 3637 494 3699 difficulty
513 3637 542 3687 of
556 3637 714 3702 suppressing
734 3653 749 3686 a
771 3637 841 3700 good
888 3641 976 3701 toria):
994 3654 1046 3702 eg.
1059 3639 1177 3688 ‘balneae
1186 3637 1342 3693 Pallacinae.'
1354 3655 1379 3702 p.
1388 3639 1465 3688 Rosc.

261 3703 330 3768 joke,
350 3705 381 3767 by
392 3703 512 3768 applying
528 3710 555 3752 to
573 3703 593 3752 it
608 3719 623 3751 a
636 3704 686 3752 line
700 3703 730 3751 of
738 3703 840 3759 Ennius,
889 3705 947 3753 Am.
961 3714 983 3767 7.
998 3706 1042 3752 18:
1060 3705 1097 3753 ‘b.
1107 3705 1210 3760 Seniae,'
1222 3720 1247 3768 p.
1259 3704 1329 3754 Cael.
1344 3716 1382 3766 ²5·
1394 3704 1434 3752 61.

265 3769 348 3818 which
364 3784 416 3817 was
432 3769 565 3832 originally
582 3770 642 3819 used
660 3768 690 3818 ol
703 3771 762 3816 bona
778 3771 840 3816 dicta
924 3784 962 3818 12.
988 3785 1018 3819 se
1045 3772 1107 3819 sine
1129 3784 1215 3819 eausa
1230 3774 1345 3818 sudare:
1375 3770 1466 3818 Brutus

264 3836 291 3883 in
302 3851 317 3882 a
329 3851 387 3896 very
398 3834 508 3884 different
524 3850 602 3896 sense,
615 3835 657 3886 i.e.
673 3834 702 3884 of
710 3835 770 3884 wise
787 3850 840 3884 use·
889 3842 974 3884 meant
985 3835 1041 3884 that
1051 3836 1083 3884 he
1094 3852 1145 3885 was
1160 3835 1270 3899 exerting
1281 3834 1382 3884 himself
1392 3835 1466 3884 need-

265 3899 300 3948 ful
312 3899 401 3950 words.
888 3901 970 3964 lessly‚
982 3901 1106 3964 probably
1116 3907 1144 3949 to
1159 3900 1278 3950 establish
1290 3916 1359 3949 some
1374 3900 1467 3964 charge

298 3968 448 4020 flammam,
463 3969 515 4014 eto.
544 3964 600 4013 The
613 3964 720 4031 original
736 3965 843 4014 formos
889 3967 987 4030 against
998 3966 1121 4015 Plancius.
1145 3967 1249 4016 Crassus
1258 3965 1320 4014 took
1332 3965 1375 4014 the
1383 3966 1467 4014 words

266 4029 308 4079 the
325 4029 375 4078 line
386 4045 438 4077 was
458 4029 580 4094 probably
598 4029 694 4094 ‘[nim]
714 4031 840 4079 flammam
888 4031 1007 4096 literally:
1027 4036 1073 4080 ‘no
1089 4033 1199 4088 wonder,
1215 4031 1254 4080 for
1272 4047 1321 4093 you
1335 4031 1400 4080 have
1413 4031 1467 4094 just

229 4119 233 4124 ·
266 4093 364 4158 sapie'ns
380 4095 477 4143 facilius
494 4093 536 4144 dre
556 4095 581 4143 in
596 4096 696 4144 ardente
712 4095 839 4160 opprimit,
889 4098 935 4146 leit
946 4114 1008 4161 your
1018 4096 1108 4153 baths‚'
1117 4099 1160 4148 i.e.
1168 4098 1233 4146 have
1244 4096 1299 4145 sold
1311 4095 1389 4145 them.
1416 4097 1465 4160 Cp.

266 4159 340 4226 quam
351 4161 418 4208 bona
430 4161 497 4208 dicta
509 4159 605 4216 teneat.¹
618 4177 632 4208 a
644 4161 754 4210 trochaic
766 4167 839 4212 tetra·
889 4163 1005 4224 ἐκστῆναι
1024 4162 1073 4210 τῶν
1088 4161 1275 4210 dvrov=eedere
1291 4163 1362 4223 bonis,
1374 4168 1416 4212 ‘to
1433 4163 1467 4212 be

266 4233 344 4275 meter
363 4226 500 4284 catalectic,
522 4226 571 4275 and
585 4233 641 4290 part
660 4227 719 4278 osa
739 4228 840 4279 second.
890 4229 1031 4292 bankrupt‚’
1051 4229 1182 4278 Demosth.
1203 4229 1284 4276 xxxvi.
1306 4233 1318 4286 5
1341 4240 1379 4288 50,
1403 4227 1467 4276 with

266 4295 313 4356 Cp.
326 4291 445 4341 Vahlen's
456 4292 557 4351 Ennius
571 4308 596 4356 p.
610 4293 665 4356 148.
890 4295 993 4357 Sandys'
1016 4301 1082 4344 note.
1115 4294 1169 4343 The
1191 4295 1280 4342 sardmio
1298 4308 1350 4341 was
1373 4293 1467 4354 always

300 4367 322 4420 7.
342 4361 433 4408 aculei
455 4361 698 4417 contumeliarum,
717 4360 841 4426 ‘stinging
890 4362 934 4410 the
949 4361 1002 4410 first
1020 4368 1091 4425 stage
1108 4360 1133 4408 in
1151 4359 1193 4408 the
1210 4358 1286 4408 bath:
1311 4374 1350 4422 cp.
1367 4358 1466 4418 Celsus,

265 4423 365 4472 taunts.¹
890 4428 907 4478 i.
919 4443 936 4490 4
949 4427 983 4476 ‘si
1000 4427 1025 4475 in
1043 4426 1161 4475 balneum
1177 4425 1252 4482 venit,
1271 4424 1317 4472 sub
1334 4431 1402 4472 veste
1418 4424 1467 4486 pri·

299 4491 321 4536 8.
339 4504 453 4538 oausam
465 4492 543 4538 illum
555 4492 838 4553 disputationemque,
890 4507 961 4540 mum
976 4493 1001 4540 in
1012 4492 1136 4555 tepidario
1147 4491 1264 4540 insudare
1272 4491 1291 4539 :’
1310 4488 1469 4553 Marquardt,

228 4589 235 4608 .
265 4553 320 4602 'the
332 4554 469 4605 discussion
481 4555 510 4604 of
517 4555 573 4604 that
584 4557 656 4605 case!
890 4557 907 4606 i.
919 4572 974 4620 293.

297 4623 377 4679 lusit,
402 4621 447 4672 ie.
464 4622 548 4672 iocose
571 4630 597 4670 et
623 4621 709 4674 festive
727 4621 785 4686 egit,
811 4637 838 4672 as
926 4636 963 4684 15.
980 4625 1047 4682 duo,
1058 4622 1136 4672 soA:
1155 4636 1194 4688 ep.
1206 4622 1286 4685 Neue,
1300 4618 1337 4671 ii.'
1350 4619 1439 4685 147-8.
