3310 5040
266 411 328 479 272
593 395 647 459 M.
674 393 848 460 TULLII
869 392 1135 462 CICERONIS

264 585 352 649 Tum
366 583 504 649 Catulus
517 578 602 662 ‘est,'
618 583 725 665 inquit
741 589 795 648 ‘ut
810 582 900 660 dicis,
914 581 1051 660 Antoni,
1062 591 1100 648 ut
1115 581 1263 666 plerique
1274 581 1461 666 philosophi
1477 589 1534 657 36

264 689 354 752 nulla
370 690 504 752 tradant
519 697 695 769 praecepta
714 688 844 751 dicendi
860 696 894 751 et
913 685 1059 751 habeant
1078 697 1231 769 paratum
1251 696 1365 750 tamen
1383 690 1462 770 quid
1478 677 1535 724 ²⁵²

264 794 307 857 de
333 813 465 875 quaque
492 813 526 856 re
552 793 685 869 dicant;
715 791 774 855 sed
803 789 1012 866 Aristoteles,
1039 792 1075 868 is,
1101 811 1201 874 quem
1228 812 1291 874 ego
1318 793 1464 856 maxime

264 897 416 973 admiror,
431 897 543 979 posuit
565 898 727 977 quosdam
750 894 848 973 locos
872 915 916 958 ex
939 895 1058 976 quibus
1080 897 1186 958 omnis
1208 898 1395 978 argumenti
1410 897 1463 959 via

237 1018 331 1069 5non
349 1001 448 1064 modo
470 1000 514 1063 ad
535 998 807 1083 philosophorum
829 999 1099 1081 disputationem,
1114 999 1173 1062 sed
1197 1000 1297 1062 etiam
1319 1000 1363 1062 ad
1378 998 1463 1063 hanc

264 1104 456 1182 orationem,
486 1124 552 1185 qua
582 1105 615 1166 in
645 1103 750 1166 causis
784 1103 916 1182 utimur,
943 1103 1160 1180 inveniretur3
1190 1122 1211 1165 a
1236 1123 1303 1184 quo
1328 1085 1463 1185 quidem

264 1205 400 1270 homine
429 1209 495 1270 iam
526 1205 662 1284 dudum,
683 1205 822 1283 Antoni,
849 1225 916 1269 non
947 1208 1079 1270 aberrat
1105 1206 1210 1269 oratio
1235 1213 1301 1280 tua,
1329 1207 1397 1269 sive
1426 1215 1462 1269 tu

265 1310 480 1375 similitudine
501 1311 587 1374 illius
610 1311 711 1374 divini
734 1311 856 1392 ingenii
879 1312 913 1396 in
940 1312 1058 1374 eadem
1080 1311 1214 1373 incurris
1236 1309 1374 1391 vestigia
1396 1310 1464 1372 sive

266 1415 366 1476 etiam
390 1413 446 1478 illa
469 1416 541 1496 ipsa
564 1413 673 1496 legisti
694 1423 795 1496 atque
818 1414 972 1492 didicisti,
987 1415 1074 1496 quod
1097 1413 1233 1495 quidem
1256 1412 1336 1476 mihi
1359 1407 1464 1495 m'agis

223 1541 253 1574 10
264 1519 332 1580 veri
355 1518 460 1580 simile
481 1518 630 1597 videtur;
656 1508 730 1600 plus
753 1518 841 1581 enim
864 1527 898 1582 te
920 1538 1040 1600 operae
1059 1517 1192 1582 Graecis
1214 1517 1346 1580 dedisse
1368 1517 1465 1580 rebus

264 1622 371 1699 video,
381 1641 481 1704 quam
497 1620 708 1704 putaramus.’
736 1621 825 1684 Tum
841 1621 897 1685 ille
912 1621 1062 1686 ‘verum’
1077 1624 1183 1704 inquit
1200 1627 1262 1685 ‘ex
1278 1641 1331 1685 me
1341 1623 1464 1697 audies
1478 1645 1532 1692 153

267 1724 405 1790 Catule:
440 1745 571 1807 semper
599 1745 661 1807 ego
689 1726 876 1789 existimavi
899 1727 1130 1790 iucundiorem
1155 1735 1189 1790 et
1211 1725 1466 1808 probabiliorem

264 1827 340 1892 huic
356 1827 479 1910 populo
502 1837 665 1892 oratorem
685 1828 763 1903 sore,
780 1830 835 1910 qui
856 1830 1001 1911 primum
1024 1850 1123 1911 quam
1146 1829 1316 1892 minimam
1339 1827 1466 1892 artificii

265 1932 410 2007 alicuius,
427 1932 547 1995 deinde
568 1931 692 1994 nullam
710 1931 910 1996 Graecarum
930 1952 1037 1996 rerum
1056 1933 1329 2014 significationem
1351 1933 1464 1998 daret:

224 2061 252 2111 15
266 2043 366 2117 atque
385 2056 447 2118 ego
463 2037 552 2099 idem
569 2036 756 2098 existimavi
772 2036 908 2118 pecudis
923 2057 1003 2111 esse,
1020 2056 1087 2098 non
1101 2034 1252 2112 hominis,
1265 2057 1340 2100 cum
1355 2043 1466 2099 tantas

266 2161 317 2204 res
335 2140 452 2204 Graeci
474 2141 685 2223 susciperent,
709 2139 949 2221 profiterentur,
969 2149 1106 2222 agerent
1124 2160 1261 2222 seseque
1283 2150 1316 2204 et
1331 2140 1466 2203 videndi

266 2265 316 2306 res
343 2244 590 2307 obscurissimas
617 2252 650 2307 et
674 2244 761 2306 bene
785 2243 917 2306 vivendi
942 2251 976 2308 et
998 2243 1130 2324 copiose
1152 2244 1281 2307 dicendi
1305 2245 1466 2307 rationem

165 2395 167 2398 -
266 2349 402 2410 daturos
432 2345 620 2410 hominibus
649 2346 891 2429 pollicerentur,
923 2367 989 2410 non
1018 2348 1196 2410 admovere
1225 2367 1338 2412 aurem
1369 2355 1411 2422 et,
1438 2347 1467 2410 si

266 2450 378 2531 palam
408 2451 522 2512 audire
552 2470 607 2513 eos
638 2469 704 2512 non
734 2451 882 2526 auderes,
913 2471 954 2514 ne
979 2451 1141 2514 minueres
1170 2451 1260 2532 apud
1286 2459 1362 2513 tuos
1388 2451 1467 2514 civis

225 2583 255 2620 κο
268 2554 500 2616 auctoritatem
514 2562 616 2628 tuam,
636 2553 916 2618 subauscultando
936 2563 1048 2617 tamen
1069 2556 1222 2636 excipere
1236 2574 1334 2618 voces
1354 2575 1468 2618 eorum

301 2774 326 2820 4.
338 2757 412 2806 omnis
422 2756 556 2820 argumenti
566 2757 624 2805 Ab:
649 2758 723 2805 omnis
740 2760 873 2824 argumenti
883 2759 923 2807 uia
934 2758 1014 2822 Lagg.
1026 2771 1050 2821 4,
1064 2757 1110 2819 36:
1129 2757 1173 2809 PS.
1185 2774 1252 2806 omne
1260 2767 1422 2822 argumentum
1434 2757 1468 2807 K.

349 2831 350 2834 ’
450 2822 474 2870 6.
490 2824 615 2871 orationem
626 2838 675 2873 om.
689 2823 717 2872 P.
849 2837 887 2887 15.
904 2826 1066 2888 etpueScum
1078 2824 1165 2875 codd:
1181 2827 1245 2888 atqui
1257 2824 1290 2874 K.

300 3008 447 3055 oo.36-38.
461 3005 844 3055 Cemlusremorhsthotrheviews
929 3019 967 3054 10.
994 3008 1109 3056 Graecis
1142 3010 1234 3065 rebus,
1270 3004 1410 3071 equivalent
1441 3009 1470 3053 to

267 3072 296 3131 of
303 3071 418 3119 Antonius
434 3074 464 3119 do
480 3083 520 3118 not
536 3071 606 3134 diffir
619 3071 687 3120 much
695 3073 765 3132 from
782 3073 844 3120 those
893 3071 992 3121 ‘Greek
1003 3071 1145 3120 literature!

267 3138 297 3195 of
309 3137 435 3191 Aristona·
459 3137 534 3185 which
558 3140 621 3185 leads
639 3146 662 3185 to
684 3155 700 3185 α
719 3138 782 3198 brief
797 3138 843 3186 dis·
929 3151 966 3198 13.
984 3141 1051 3186 huie
1070 3141 1188 3193 populo:
1207 3152 1246 3201 cp.
1270 3136 1334 3186 ‘hoc
1357 3134 1468 3201 populo,’

267 3204 357 3249 cussiorr
374 3203 403 3262 os
415 3206 451 3250 the
468 3218 565 3249 manner
581 3204 604 3251 in
616 3203 690 3250 which
704 3202 844 3265 philosophy
893 3205 943 3266 54.
978 3202 1068 3264 Mayor
1079 3217 1111 3250 on
1123 3202 1163 3251 De
1173 3203 1233 3251 Nat.
1246 3201 1279 3250 D.
1292 3202 1307 3250 i.
1323 3213 1360 3266 79.

267 3281 315 3312 was
327 3269 443 3328 regarded
453 3277 478 3312 at
492 3268 622 3328 Rome(§§
638 3267 777 3331 154-156);
795 3269 844 3315 aad
928 3281 967 3329 14.
984 3269 1111 3323 alieuius.
1134 3269 1221 3331 ‘anyz'
1250 3283 1290 3332 cp.
1314 3267 1425 3327 Kiihner,
1443 3265 1469 3317 ii.

267 3331 383 3378 Antonius
405 3331 478 3378 shows
498 3333 548 3380 that
569 3333 608 3379 the
626 3333 740 3380 doctrines
760 3335 790 3394 of
807 3333 844 3380 the
893 3334 985 3397 468-9.

266 3397 341 3443 Stoics
357 3397 426 3444 could
441 3398 466 3444 he
483 3397 513 3456 os
523 3413 553 3444 rro
570 3399 654 3445 service
669 3407 692 3444 to
710 3399 747 3445 the
763 3407 844 3446 orator
929 3411 966 3460 15.
984 3404 1067 3455 arque
1079 3413 1131 3456 030
1141 3400 1225 3455 idem,
1237 3396 1301 3446 ‘and
1313 3404 1339 3447 at
1349 3398 1392 3448 the
1403 3411 1470 3447 same

268 3461 310 3523 (§§
331 3461 463 3525 157-159),
482 3462 552 3510 while
574 3463 601 3508 he
625 3463 713 3524 praises
730 3463 768 3511 the
789 3464 844 3511 heere
894 3462 955 3513 time
967 3463 1003 3512 1:'
1020 3479 1060 3528 cp.
1074 3479 1120 3528 pro
1132 3463 1208 3513 Arch.
1222 3473 1243 3526 7.
1258 3476 1287 3526 15
1303 3470 1392 3529 ‘atque
1404 3463 1470 3512 idem

267 3529 356 3592 insight
368 3529 397 3588 of
403 3527 515 3574 Aristode
527 3528 551 3590 (ξ
565 3527 623 3590 160)
634 3531 684 3577 ond
694 3529 730 3575 the
741 3529 844 3578 dialectic
894 3545 942 3592 ego
953 3529 1090 3578 contendo’
1102 3529 1200 3588 (Reid).

266 3607 345 3652 power
355 3595 385 3654 of
392 3595 522 3641 Carneades
534 3594 560 3653 (5
575 3592 642 3656 161).
930 3594 968 3643 16.
991 3597 1116 3650 videndi,
1136 3595 1153 3644 i.
1164 3609 1185 3643 e.
1206 3594 1320 3659 physics:
1337 3597 1410 3642 bene
1427 3595 1470 3641 vi·

303 3671 324 3706 1.
344 3665 388 3708 eet
473 3661 637 3715 uhtredum,
655 3658 723 3708 ‘itis
736 3658 845 3708 thecase
894 3663 989 3719 vendi,
1019 3660 1116 3709 ethics:
1144 3663 1268 3715 dicendi,
1300 3658 1407 3707 rhetoric
1442 3673 1471 3706 or

268 3721 339 3780 that,’
358 3739 385 3772 as
405 3723 429 3771 in
451 3724 514 3773 Hor.
531 3725 614 3776 Carm.
631 3725 730 3788 iii.1.9
748 3731 801 3774 ‘est
818 3732 845 3774 ut
895 3725 1025 3774 dialectic:
1045 3725 1087 3773 the
1104 3725 1203 3788 regular
1220 3724 1324 3773 division
1342 3723 1371 3772 ol
1385 3723 1471 3772 know·

268 3790 321 3836 viro
345 3788 382 3836 vir
405 3789 480 3836 latius
508 3789 604 3838 ordinet
629 3791 730 3839 arbusta
755 3789 845 3841 sulcis.’
895 3790 968 3854 ledge
987 3791 1012 3838 in
1035 3790 1077 3840 the
1096 3789 1180 3839 Greek
1202 3788 1316 3839 schools:
1340 3789 1472 3853 cp.i.15.

269 3853 348 3915 Many
359 3869 428 3902 more
439 3868 492 3901 exx.
504 3855 529 3901 in
542 3855 651 3914 Kiihner,
665 3856 690 3904 ii.
704 3857 761 3915 813.
896 3857 927 3905 68
947 3858 1035 3918 (note).

303 3934 326 3979 4.
340 3922 436 3973 posuit
446 3922 582 3974 quosdam
595 3923 679 3977 locos,
689 3921 714 3968 in
725 3920 767 3969 the
776 3921 845 3984 eight
930 3923 968 3970 18.
980 3925 1005 3970 si
1013 3959 1019 3970 .
1028 3959 1034 3970 .
1044 3936 1115 3970 .non
1124 3924 1256 3971 auderes:
1269 3919 1311 3968 the
1319 3919 1472 3982 subjunctive

269 3982 350 4032 books
358 3983 387 4030 ol
390 3980 486 4037 rorant,
492 3983 545 4031 still
551 3990 643 4034 extant.
666 3985 755 4033 Cicero
763 4001 845 4049 repro·
895 3985 916 4033 is
928 3992 972 4034 not
981 3987 1039 4049 only
1050 3987 1098 4035 due
1110 3994 1138 4035 to
1150 3986 1193 4035 the
1205 3985 1255 4034 fact
1267 3986 1322 4034 that
1334 3985 1376 4034 the
1388 3986 1472 4034 clause

270 4048 350 4097 duced
360 4047 401 4096 the
409 4048 574 4096 substanceos
580 4048 655 4108 these,
665 4056 691 4098 at
699 4050 845 4114 therequest
895 4051 917 4099 is
928 4051 953 4098 in
965 4051 1080 4115 reported
1094 4051 1211 4114 thought.
1246 4051 1276 4098 ln
1287 4051 1364 4099 direct
1381 4050 1472 4113 speech
1561 4077 1562 4080 ¹

270 4113 300 4162 oi
309 4113 347 4160 his
355 4111 433 4160 friend
441 4113 580 4166 Trebatius,
589 4114 661 4164 when
674 4115 807 4179 travelling
818 4122 845 4164 to
895 4117 915 4164 it
930 4117 1014 4165 would
1029 4133 1081 4174 run,
1098 4117 1135 4165 ‘si
1152 4133 1202 4166 non
1219 4116 1310 4165 audeas
1323 4154 1329 4165 .
1342 4153 1348 4166 .
1363 4152 1368 4165 .
1380 4115 1472 4180 excipi·

272 4177 364 4226 Greece
376 4184 403 4226 to
412 4177 465 4239 join
478 4178 619 4242 Pompeius,
627 4181 652 4228 in
664 4180 703 4228 his
716 4179 844 4244 ‘Topica’
896 4182 974 4230 entiae
990 4190 1046 4231 sunt
1062 4181 1151 4232 voces.⁸
1186 4183 1234 4245 Cp.
1252 4182 1334 4244 Roby,
1354 4185 1383 4240 §§
1400 4183 1470 4244 1564,

304 4245 463 4298 argumenti
474 4245 528 4302 vie,
542 4245 696 4307 ‘systematic
714 4252 847 4296 treatment
898 4247 968 4308 1566,
981 4248 1034 4296 also
1049 4253 1061 4307 §
1078 4247 1148 4312 1546.
1191 4247 1247 4296 The
1259 4246 1333 4295 ‘noni
1345 4247 1366 4295 is
1378 4246 1472 4294 carried

272 4307 341 4356 osan
352 4309 508 4370 argument:’
526 4323 564 4373 cp.
577 4310 593 4358 i.
606 4325 669 4374 414
681 4314 769 4375 (note).
897 4328 928 4361 on
940 4318 967 4360 to
978 4314 1120 4377 ‘excipere'
1132 4313 1223 4368 which,
1235 4312 1285 4360 like
1297 4315 1414 4367 exaudire,
1426 4310 1472 4360 has

306 4373 329 4422 6.
349 4387 365 4421 a
387 4388 443 4430 quo
467 4377 581 4431 quidem
604 4379 727 4435 homine,
747 4393 763 4425 a
782 4393 846 4426 com·
896 4377 1046 4434 sometimes,
1075 4395 1103 4427 as
1130 4378 1195 4434 here,
1224 4378 1267 4426 the
1296 4377 1362 4426 torce
1392 4376 1421 4425 of
1445 4383 1472 4426 to

273 4439 373 4503 pressed
392 4441 534 4503 expression
552 4441 590 4489 sor
605 4448 635 4489 ‘a
652 4441 720 4491 cuius
737 4442 846 4491 hominis
897 4442 984 4490 ‘catch
995 4441 1045 4508 up'
1061 4450 1087 4492 at
1105 4460 1120 4492 a
1136 4443 1264 4492 distance:
1282 4459 1322 4506 cp.
1335 4441 1389 4491 Liv.
1402 4441 1435 4489 xl.
1449 4451 1471 4504 7.

273 4505 412 4568 praeceptis
422 4503 437 4553 :'
456 4522 496 4570 cp.
510 4507 526 4555 i.
539 4521 562 4568 4.
578 4519 606 4568 15
619 4507 708 4566 (note).
897 4522 912 4569 4
929 4507 976 4555 ‘ad
996 4508 1041 4558 has
1060 4508 1217 4574 excipiendas
1238 4523 1311 4557 voces
1331 4507 1474 4573 speculator

309 4581 330 4631 7.
343 4573 468 4620 aberret:
485 4572 523 4622 lor
534 4577 602 4621 tense
613 4587 652 4637 cp.
661 4572 742 4635 Roby,
753 4577 765 4632 §
777 4570 845 4634 1460.
896 4572 999 4622 missus?
