3286 5036
574 470 645 534 DE
671 471 902 536 oxAroRE
924 473 974 535 JJ.
1314 488 1376 556 297

178 681 237 742 pro
262 681 336 724 mea
358 662 448 724 omni
471 661 561 726 sama
579 682 682 744 prope
705 660 911 744 fortunisque
934 663 1109 728 decernere
1129 665 1210 729 nihil
1231 667 1310 731 mihi
1334 669 1377 732 ad

177 765 458 830 existimationem
475 767 611 849 turpius,
624 765 705 828 nihil
719 766 762 828 ad
779 766 925 829 dolorem
939 768 1088 832 acerbius
1103 771 1252 834 accidere
1267 792 1375 853 posse,

177 888 277 949 quam
300 871 326 932 si
345 871 381 944 is,
398 872 454 952 qui
473 891 573 952 saepe
592 869 799 933 alienissimis
822 890 842 933 a
861 889 924 946 me,
939 871 997 933 sed
1022 874 1103 935 meis
1123 882 1236 938 tamen
1252 876 1377 938 civibus

177 972 275 1036 saluti
300 975 507 1037 existimarer
529 975 637 1050 fuisse,
652 972 758 1036 sodali
781 993 857 1036 meo
879 974 1040 1037 auxilium
1056 975 1139 1040 ferre
1163 998 1229 1040 non
1251 981 1377 1061 potuis-

112 1091 164 1138 ι101
178 1095 268 1154 sem3
291 1079 447 1158 petebam
463 1100 482 1141 a
498 1078 669 1154 iudicibus,
685 1085 722 1140 ut
743 1076 824 1139 illud
845 1079 947 1141 aetati
964 1098 1067 1162 meae,
1083 1089 1119 1144 ut
1133 1079 1323 1158 honoribus,
1340 1092 1404 1148 utt

179 1181 277 1244 rebus
300 1183 411 1264 gestis,
426 1183 453 1244 si
476 1184 572 1257 iusto,
595 1183 621 1244 si
644 1182 700 1263 pio
719 1181 835 1244 dolore
857 1201 911 1244 me
934 1202 1005 1245 esse
1028 1183 1194 1247 adiectum
1217 1186 1376 1263 viderent,

178 1287 418 1364 concederent3
452 1286 644 1368 praesertim
671 1286 698 1347 si
722 1285 754 1346 in
777 1284 850 1349 aliis
873 1287 979 1349 causis
1003 1286 1243 1352 intellexissent
1259 1294 1379 1354 omnia

179 1409 232 1452 me
250 1410 382 1472 semper
401 1410 461 1472 pro
482 1391 663 1454 amicorum
685 1389 848 1471 periculis,
867 1389 946 1452 nihil
967 1410 1125 1471 umquam
1147 1412 1207 1472 pro
1228 1413 1282 1456 me
1305 1395 1376 1475 ipso

178 1493 401 1574 deprecatum.
447 1493 503 1558 Sic
518 1495 551 1557 in
567 1493 623 1558 illa
641 1495 732 1556 omni
753 1493 943 1557 defensione
958 1503 1060 1575 atque
1075 1515 1181 1569 causa,
1199 1497 1288 1577 quod
1305 1518 1377 1562 esse

176 1598 209 1659 in
226 1608 298 1662 arte
314 1599 458 1680 positum
475 1599 658 1674 videbatur,
676 1606 713 1660 ut
734 1598 777 1660 de
794 1597 867 1680 lege
883 1596 1053 1680 Appuleia
1074 1586 1226 1674 dicerem,
1243 1609 1280 1664 ut
1296 1603 1376 1682 quid
1390 1616 1421 1653 10

177 1710 265 1764 esset
295 1703 442 1766 minuere
472 1703 679 1767 maiestatem
711 1701 922 1782 explicarem,
950 1721 1109 1783 perquam
1134 1702 1277 1768 breviter
1302 1725 1376 1788 per·

176 1805 294 1869 strinxi
308 1815 410 1888 atque
425 1808 540 1889 attigi3
564 1805 615 1869 his
631 1805 760 1869 duabus
773 1805 921 1887 partibus
937 1806 1104 1880 orationis,
1116 1827 1256 1888 quarum
1271 1807 1376 1874 altera

176 1913 499 1974 commendationem
535 1907 647 1984 habet,
678 1908 783 1973 altera
820 1910 1084 1986 concitationem,
1119 1929 1204 1990 quae
1241 1911 1376 1976 minime

176 2016 359 2096 praeceptis
382 2015 503 2079 artium
534 2021 610 2076 sunt
634 2012 828 2095 perpolitae,
856 2014 963 2075 omnis
991 2022 1041 2076 est
1066 2033 1086 2075 a
1114 2033 1168 2076 me
1194 2012 1250 2076 illa
1277 2035 1375 2078 causa

176 2124 326 2195 tractata,
345 2127 382 2182 ut
405 2129 438 2182 et
463 2118 640 2182 acerrimus
663 2117 696 2179 in
721 2115 897 2198 Caepionis
923 2117 1046 2180 invidia
1070 2120 1258 2182 renovanda
1283 2129 1317 2183 et
1341 2121 1374 2183 in
1390 2133 1420 2186 Ι5

177 2222 259 2283 meis
282 2223 427 2285 moribus
443 2242 521 2305 erga
537 2241 629 2285 meos
645 2223 844 2284 necessarios
863 2220 1069 2284 declarandis
1092 2223 1375 2288 mansuetissimus

175 2325 322 2389 viderer:
357 2328 405 2390 ita
430 2327 536 2408 magis
563 2325 702 2389 adiectis
732 2326 850 2387 animis
876 2324 1021 2388 iudicum
1048 2345 1148 2406 quam
1167 2326 1283 2399 doctis,
1308 2338 1374 2408 tua,
1401 2371 1402 2374 κ

107 2429 161 2496 50
178 2427 312 2510 Sulpici,
328 2439 378 2493 est
401 2451 420 2494 a
443 2430 538 2494 nobis
560 2438 632 2493 tum
651 2431 817 2494 accusatio
838 2426 946 2493 victa'
992 2429 1059 2492 Hic
1083 2427 1257 2511 Sulpicius,
1280 2435 1376 2496 ‘vere

106 2515 161 2560 ²⁰²
175 2530 304 2612 hercle,’
326 2535 432 2616 inquit
455 2533 612 2610 ‘Antoni
635 2535 698 2597 ista
721 2552 982 2611 commemoras3
1009 2552 1087 2596 nam
1112 2553 1174 2614 ego
1198 2533 1278 2596 nihil
1303 2557 1374 2598 um-

105 2631 107 2636 ’
175 2657 276 2716 quam
290 2639 367 2716 vidi,
383 2639 473 2720 quod
494 2647 565 2702 tam
587 2658 606 2700 e
626 2638 778 2701 manibus
799 2636 992 2710 elaberetur,
1009 2656 1110 2717 quam
1131 2636 1211 2700 mihi
1229 2648 1301 2701 tum
1323 2648 1374 2704 est
1389 2655 1420 2691 ²0

174 2740 287 2822 elapsa
298 2741 354 2804 illa
369 2743 440 2824 ipsa
452 2761 559 2808 causa.
591 2740 678 2805 Cum
689 2742 786 2818 enim,
799 2760 897 2822 quem
908 2741 951 2804 ad
962 2740 1098 2804 modum
1108 2740 1232 2819 dixisti,
1242 2742 1302 2805 tibi
1312 2763 1375 2825 ego

173 2864 240 2907 non
256 2846 421 2920 iudicium,
438 2846 497 2909 sed
513 2846 701 2908 incendium
717 2845 937 2921 tradidissem,
951 2845 1040 2925 quod
1057 2854 1151 2907 tuum
1168 2845 1375 2927 principium,

173 2949 206 3010 di
231 2950 443 3025 immortales,
465 2949 546 3013 iuitl
579 2949 636 3031 qui
658 2948 775 3013 timori
802 2969 890 3031 quae
913 2948 1078 3011 dubitatio
1104 2943 1244 3032 [quanta
1266 2948 1374 3012 haesi-

172 3049 269 3138 tatio]
293 3063 484 3134 tractusque
503 3049 696 3116 verborum!
725 3051 864 3115 utillud
888 3050 990 3124 initi0,
1007 3050 1097 3132 quod
1120 3050 1180 3113 tibi
1204 3072 1306 3114 unum
1329 3053 1373 3116 ad

172 3157 410 3238 ignoscendum
429 3155 581 3219 homines
599 3156 734 3230 dabant,
751 3155 894 3230 tenuisti,
914 3163 948 3216 te
968 3173 1028 3235 pro
1051 3152 1185 3216 homine
1201 3174 1373 3236 perneces-
1388 3191 1418 3242 ²5

213 3307 234 3342 1.
250 3304 336 3356 prope:
354 3309 401 3342 om.
415 3293 444 3341 B.
456 3291 514 3342 incl.
527 3292 560 3342 K.
646 3305 684 3340 21.
701 3291 856 3354 ipsoABby:
881 3288 937 3340 incl.
957 3288 981 3338 S.
1081 3303 1119 3352 ²3.
1137 3302 1224 3352 quanto
1236 3293 1370 3342 haesitatio:

171 3374 220 3408 om.
241 3360 279 3407 A:
304 3359 360 3408 incl.
385 3359 410 3407 K
431 3358 499 3418 (Iam
519 3365 592 3407 antea
610 3357 707 3421 scripsit
726 3357 774 3406 Ell.
790 3364 857 3405 ‘non
876 3355 983 3404 multum
1001 3355 1090 3405 absum
1109 3355 1167 3420 quin
1183 3356 1245 3407 haec
1268 3357 1373 3408 delenda

171 3440 291 3482 censeam,
304 3441 361 3475 cum
372 3425 455 3474 absint
466 3425 499 3474 ab
511 3423 633 3490 optimis).
673 3469 677 3480 ,

207 3573 228 3605 ι.
245 3562 282 3607 ad
292 3561 539 3618 existimationem,
553 3556 596 3605 ‘in
612 3561 708 3620 respect
720 3555 750 3604 of
831 3558 909 3612 quod
926 3568 988 3603 esee
1004 3556 1036 3602 ln
1050 3559 1110 3603 arte
1122 3556 1247 3612 positum
1257 3558 1372 3606 videbe·

170 3625 367 3738 lliilutiill
375 3622 747 3753 iqtthtntffthtatt
798 3618 1373 3749 turritanatfrtnrtt¹1²0

173 3770 195 3817 5.
209 3769 236 3802 12
249 3756 293 3804 ‘ad
302 3755 456 3806 severitatem
468 3753 557 3804 lenius’
569 3752 641 3815 (with
649 3750 750 3800 Halm's
836 3764 874 3799 10.
891 3755 924 3797 ut
943 3785 948 3796 .
966 3786 972 3797 .
992 3785 997 3796 .
1014 3751 1189 3809 explicarem,
1202 3749 1254 3800 like
1266 3758 1300 3801 nt
1317 3788 1323 3800 .
1341 3789 1347 3801 .
1364 3790 1371 3802 .

171 3822 249 3882 note).
801 3818 930 3873 dioerem,
938 3813 1106 3878 explanatory,
1118 3821 1163 3862 not
1174 3814 1241 3865 final.

207 3900 228 3947 5.
246 3888 326 3944 illud,
339 3885 355 3932 i.
363 3900 384 3935 e.
406 3885 444 3933 ‘si
456 3885 521 3934 iusto
539 3882 625 3934 dolore
641 3897 681 3932 me
697 3896 751 3933 esse
831 3894 868 3928 11.
879 3883 1016 3938 partibus,
1027 3879 1076 3928 abl.
1084 3880 1194 3930 instrum.
1227 3881 1371 3933 Translate:

172 3951 297 4000 adfectum
307 3947 431 3999 viderent)
801 3945 860 3995 ‘the
871 3951 921 3994 two
938 3944 1059 3993 divisione
1075 3945 1104 3993 of
1115 3952 1213 4010 oratory
1237 3984 1242 3995 .
1261 3984 1267 3995 .
1286 3984 1291 3994 .
1308 3965 1372 4000 were

207 4029 228 4080 7.
253 4019 440 4065 concederent
455 4037 476 4055 =
491 4013 675 4065 condonarent:
709 4027 748 4075 cp.
799 4012 861 4060 used
872 4011 904 4074 by
915 4025 955 4058 me
970 4010 1111 4075 indealing
1127 4011 1188 4060 with
1201 4011 1375 4064 thewholeos

171 4098 217 4145 pro
228 4082 326 4131 Cluent.
339 4080 378 4145 69,
394 4094 438 4145 195
453 4079 540 4128 ‘multi
556 4094 631 4143 saepe
647 4085 749 4143 peccata
799 4077 855 4126 that
865 4078 935 4141 case}

171 4148 276 4196 liberum
293 4153 421 4212 parentum
444 4144 626 4195 misericordiae
649 4157 745 4192 conces·
778 4195 785 4208 ,
833 4156 871 4205 ²4·
888 4144 1159 4201 traetueverborm
1174 4141 1375 4259 explanatopepi

171 4219 268 4262 serunt:
285 4228 330 4262 vos
347 4228 378 4262 ne
393 4212 466 4261 huius
480 4211 653 4260 honestissime
664 4215 746 4258 actam
795 4207 921 4266 haesitatio,
931 4205 1146 4270 ‘stowoeliveryff
1157 4207 1307 4272 cp.Ernesti‚
1365 4247 1370 4259 .

170 4280 247 4330 vitam
264 4279 350 4328 matris
372 4278 512 4329 crudelitati
533 4275 685 4331 condonetis,
708 4289 746 4322 ro·
794 4272 887 4322 Techn.
900 4287 925 4336 p.
938 4285 994 4334 399.

169 4343 273 4408 gamus?
827 4353 916 4388 unum
938 4342 974 4387 ad
995 4340 1207 4397 issnoaoendum,
1232 4338 1290 4388 ‘the
1311 4339 1371 4403 only

203 4424 226 4474 9.
244 4414 437 4466 deprecatum:
461 4408 519 4458 here
535 4405 662 4456 doubtless
674 4403 743 4453 inits
794 4404 926 4454 excusable
947 4402 1034 4466 point!
1056 4403 1137 4466 Roby,
1158 4408 1171 4461 5
1193 4411 1272 4465 1377:
1297 4409 1368 4467 ep.§

169 4490 238 4524 more
253 4475 332 4534 usual,
349 4477 393 4523 but
409 4475 442 4539 by
457 4490 491 4523 no
506 4487 591 4522 means
607 4469 744 4520 invariable
796 4483 852 4532 190,
871 4469 921 4518 and
944 4469 1063 4532 Nagelsb.
1087 4483 1130 4532 pp.
1156 4481 1209 4528 194.
1233 4479 1289 4527 341,
1312 4469 1370 4518 who

169 4540 292 4604 meaning,
311 4539 340 4589 os
353 4541 489 4603 entreating
504 4539 559 4587 that
575 4554 590 4586 a
603 4537 675 4600 thing
685 4551 744 4598 may
792 4536 877 4600 points
889 4541 932 4583 out
943 4534 998 4582 that
1008 4534 1058 4581 this
1070 4533 1091 4580 is
1102 4533 1144 4580 the
1156 4530 1269 4581 classieal
1280 4548 1335 4598 way
1344 4533 1374 4582 of

169 4607 255 4654 notbe
270 4604 341 4654 done.
375 4605 455 4653 There
466 4601 684 4665 isaninteresting
694 4601 743 4649 dis·
792 4599 1101 4674 expressingdgnoscf'bile,
1129 4596 1212 4648 which
1238 4597 1299 4650 does
1325 4606 1371 4650 not

169 4671 267 4724 cussion
279 4671 307 4720 of
315 4669 357 4720 the
367 4669 471 4720 wordin
483 4669 587 4730 Gellius,
600 4668 642 4718 vii.
656 4667 693 4716 16.
792 4681 866 4716 occur
881 4665 965 4716 before
980 4663 1086 4716 Gellius.

767 4762 794 4812 X
