3310 5040
280 421 342 506 278
610 407 1151 491 M..ruazrrcrcnnonrs

276 633 451 698 germanos
473 611 570 676 huius
596 613 676 677 artis
701 613 875 695 magistros
901 610 965 676 hoc
990 611 1070 675 mihi
1096 610 1203 674 visum
1229 621 1280 676 est
1311 611 1477 688 interesse,

277 720 367 800 quod
383 718 438 781 ille
453 718 570 781 eadem
586 718 656 781 acie
673 717 800 794 mentis,
812 737 878 800 qua
894 735 1000 779 rerum
1015 715 1163 778 omnium
1178 716 1245 778 vim
1261 725 1478 798 naturamque

277 822 412 900 viderat,
427 821 509 885 haec
528 841 660 903 quoque
682 821 823 903 aspexit,
847 839 933 901 quae
955 820 998 882 ad
1017 819 1146 884 dicendi
1168 828 1283 899 artem,
1300 841 1400 902 quam
1423 820 1478 884 ille

278 926 490 1008 despiciebat,
513 925 744 1008 pertinebant;
775 924 820 987 illi
850 933 971 999 autem,
996 924 1051 1005 qui
1082 921 1145 988 hoc
1171 923 1277 987 solum
1302 924 1477 988 colendum

249 1029 454 1104 5ducebant,
479 1027 672 1092 habitarunt
698 1029 730 1091 in
753 1027 816 1091 hac
839 1048 904 1090 una
926 1027 1053 1091 ratione
1076 1030 1250 1092 tractanda
1272 1048 1339 1092 non
1361 1030 1477 1092 eadem

277 1133 461 1215 prudentia,
476 1154 543 1215 qua
558 1132 621 1211 ille,
636 1132 695 1195 sed
712 1152 772 1196 usu
788 1132 821 1194 in
842 1130 906 1195 hoc
928 1151 993 1194 uno
1013 1151 1135 1213 genere
1152 1132 1327 1215 studioque
1347 1133 1476 1196 maiore.

279 1237 441 1302 Carneadi
463 1258 541 1300 vero
562 1237 612 1300 vis
635 1236 833 1300 incredibilis
855 1235 912 1298 illa
937 1235 1069 1299 dicendi
1093 1244 1127 1298 et
1153 1236 1294 1298 varietas
1318 1257 1478 1319 perquam
1491 1253 1541 1298 161

279 1351 365 1405 esset
387 1340 535 1423 optanda
558 1341 662 1416 nobis
685 1340 741 1421 qui
764 1338 892 1403 nullam
914 1359 1074 1420 umquam
1097 1338 1217 1402 inillis
1240 1341 1307 1402 suis
1330 1341 1477 1422 disputa·

278 1445 423 1509 tionibus
446 1465 514 1508 rem
538 1444 694 1521 defendit,
718 1463 818 1524 quam
845 1461 910 1505 non
935 1442 1091 1524 probarit,
1115 1442 1240 1505 nullam
1264 1443 1477 1526 oppugnavit,
1527 1473 1530 1477 ·

236 1568 380 1630 mquam
396 1568 461 1611 non
485 1547 647 1612 everterit.
692 1547 761 1612 Sed
781 1545 845 1609 hoc
860 1545 966 1608 maius
982 1555 1032 1609 est
1049 1545 1218 1627 quiddam,
1233 1566 1334 1628 quam
1356 1547 1399 1611 ab
1422 1548 1476 1625 eis,

279 1652 335 1733 qui
350 1649 431 1715 haec
446 1653 580 1716 tradunt
595 1659 629 1714 et
645 1650 776 1725 docent,
792 1648 1029 1731 postulandum
1046 1650 1099 1713 sit.

324 1754 398 1836 Ego
424 1764 544 1832 autem,
575 1754 602 1817 si
632 1774 731 1836 quem
762 1773 848 1816 nunc
877 1751 993 1815 rudem
1024 1751 1122 1834 plane
1148 1752 1274 1816 institui
1301 1754 1344 1817 ad
1367 1753 1477 1818 dicen·
1490 1760 1543 1826 39

280 1859 361 1922 dum
396 1858 504 1937 velirn,
534 1858 586 1922 his
617 1858 728 1941 potius
758 1856 889 1921 tradam
922 1854 1069 1919 adsiduis
1104 1876 1171 1919 uno
1203 1877 1304 1939 opere
1338 1846 1544 1921 eandem¹⁰²

280 1962 434 2026 incudem
470 1962 560 2025 diem
595 1971 793 2042 noctemque
830 1959 1055 2037 tundentibus,
1091 1961 1149 2041 qui
1185 1961 1293 2024 omnis
1330 1963 1477 2025 tenuissi-

237 2097 266 2148 ¹⁵
282 2087 353 2129 mas
382 2065 559 2149 particulas
585 2074 686 2147 atque
708 2065 820 2128 omnia
847 2063 983 2126 minima
1007 2082 1124 2127 mansa
1148 2073 1185 2127 ut
1209 2064 1352 2128 nutrices
1374 2051 1478 2128 inlanss

785 2197 807 2245 3.
823 2183 866 2231 ille
877 2179 934 2230 incl.
946 2181 980 2232 K.

316 2297 337 2334 1.
355 2298 509 2342 germanos,
529 2282 664 2348 ‘regularz’
688 2299 727 2348 cp.
748 2282 780 2332 ad
799 2282 854 2332 Att.
941 2282 965 2330 8.
983 2286 1068 2338 esset,
1087 2281 1104 2330 i.
1127 2319 1133 2331 .
1155 2281 1179 2330 if
1192 2299 1230 2333 we
1246 2282 1300 2331 had
1323 2282 1365 2332 the
1385 2284 1478 2341 choice,

280 2351 313 2399 iv.
324 2361 347 2411 5.
357 2350 445 2411 3⁴seio
453 2366 493 2398 me
501 2349 597 2398 asinum
604 2364 747 2414 germanum
753 2347 827 2396 fuisse
836 2347 855 2404 ;’
904 2345 988 2397 which
998 2362 1036 2396 we
1046 2347 1109 2395 have
1119 2353 1171 2397 not.

280 2416 324 2464 Or.
336 2430 359 2478 9.
372 2428 402 2475 32
415 2423 558 2478 ‘germanos
573 2430 599 2463 se
615 2421 703 2478 putant
718 2429 771 2462 esse
786 2413 854 2461 Thu·
932 2425 956 2477 9.
973 2415 1110 2469 probarit:
1119 2429 1160 2462 see
1166 2420 1225 2464 note
1232 2430 1264 2463 on
1272 2414 1385 2475 insederit,
1396 2419 1407 2472 5
1418 2426 1471 2464 12².

281 2479 397 2545 tydides!
430 2479 485 2530 The
495 2480 564 2528 word
580 2480 601 2528 is
618 2480 675 2528 here
690 2479 750 2528 used
761 2477 822 2527 with
838 2495 855 2527 a
940 2489 977 2526 10.
994 2481 1084 2527 maius
1101 2493 1185 2536 quam
1203 2516 1209 2528 .
1228 2516 1234 2529 .
1256 2483 1478 2537 .postu1andum

281 2546 373 2595 certain
384 2546 461 2608 irony.
905 2545 958 2592 alt:
976 2542 1014 2593 for
1031 2543 1074 2593 the
1093 2545 1213 2594 omission
1229 2545 1259 2594 oi
1271 2555 1296 2592 ut
1312 2545 1365 2605 (the
1384 2546 1481 2608 regular

314 2627 339 2674 4.
357 2611 541 2667 despiciebat:
558 2610 598 2659 ie.
610 2609 636 2658 in
646 2609 678 2659 its
686 2609 804 2673 practica]
812 2625 856 2674 ap·
906 2607 1021 2658 classical
1032 2610 1184 2674 expression)
1197 2626 1225 2659 or
1239 2611 1281 2659 the
1292 2611 1394 2659 relative
1409 2609 1481 2673 (used

282 2675 410 2741 plication.
444 2675 532 2724 Cicero
547 2675 618 2724 when
633 2676 737 2740 arguing
751 2676 806 2724 that
822 2691 856 2724 uo
907 2674 941 2736 by
952 2673 1014 2736 Livy
1026 2675 1074 2723 and
1089 2675 1131 2724 the
1148 2677 1230 2740 poets)
1248 2676 1309 2725 alter
1325 2691 1481 2740 acompara·

284 2741 367 2790 Greek
376 2742 476 2805 (except
487 2740 594 2804 perhaps
604 2741 745 2790 Demetrius
760 2740 857 2790 Phaler·
908 2737 966 2795 tive,
983 2739 1118 2804 especially
1136 2741 1198 2789 after
1211 2745 1294 2804 potius,
1312 2757 1351 2805 cp.
1370 2741 1480 2796 Kiihner,

283 2811 338 2860 eust
350 2805 401 2854 had
414 2806 475 2855 been
488 2805 669 2869 distinguished
685 2813 711 2854 at
726 2821 786 2855 once
802 2821 830 2854 as
842 2821 858 2854 a
910 2804 936 2854 ii.
947 2804 1011 2867 8573
1030 2805 1135 2869 Madvig
1144 2822 1176 2855 ou
1186 2806 1218 2855 de
1230 2807 1285 2855 Fin.
1296 2807 1330 2854 iv.
1343 2806 1366 2854 8.
1381 2820 1420 2856 20.

283 2871 448 2936 philosopher
463 2871 512 2920 and
530 2886 557 2920 as
576 2887 607 2920 an
627 2877 717 2928 orator,
735 2871 796 2920 adds
817 2870 859 2932 (de
943 2883 981 2920 oo.
994 2873 1093 2919 stt-42.
1105 2873 1127 2919 A
1138 2874 1208 2933 rapid
1214 2872 1288 2919 stetclt
1297 2873 1327 2932 of
1333 2871 1369 2918 the
1378 2873 1482 2923 doctrine

285 2936 333 2986 Oli.
346 2937 362 2986 i.
374 2949 395 2986 1.
404 2937 432 2999 4)
442 2942 448 2962 ¹
457 2937 591 3000 eodemque
601 2937 677 2985 modo
685 2937 716 2986 de
725 2935 860 2985 Aristotele
911 2935 942 2994 of
950 2941 956 2961 ⁸
965 2933 1051 2997 tapies?
1064 2937 1148 2998 (wtict
1165 2952 1206 2985 are
1222 2938 1318 2986 derived
1333 2937 1406 2984 either
1417 2937 1483 2996 from

250 3015 253 3024 ’
284 3008 310 3052 et
329 3002 439 3051 Isocrate
458 3002 549 3057 iudico,
568 3018 672 3066 quorum
694 3009 795 3066 uterque
813 3016 860 3050 suo
912 3002 1009 3049 thecase
1020 3002 1086 3061 itsels
1092 3019 1121 3050 or
1123 3004 1193 3063 from
1203 3003 1310 3064 without)
1318 3003 1373 3050 ιυίιΙι
1381 3003 1484 3050 illustra·

284 3067 368 3116 studio
379 3066 515 3116 delectatus
526 3069 676 3132 contempsit
687 3067 807 3117 alterum.¹
836 3066 861 3114 It
912 3067 972 3114 tione
989 3065 1180 3128 (§§162-173).
1213 3069 1235 3114 A
1255 3070 1318 3129 brief
1329 3076 1448 3116 treatment
1464 3066 1485 3114 is

284 3132 306 3181 is
325 3139 370 3182 not
387 3139 480 3182 correct
495 3139 522 3182 to
539 3148 584 3197 say
603 3133 658 3182 that
677 3133 798 3182 Aristotle
819 3132 862 3181 de·
910 3132 1059 3194 pronounced
1084 3133 1212 3197 sufficient:
1239 3134 1284 3194 sor
1306 3134 1415 3181 attention
1437 3133 1487 3180 and

285 3198 369 3261 spised
377 3198 419 3247 the
430 3205 468 3246 art
476 3199 506 3246 os
513 3198 627 3256 rhetoric,
635 3199 716 3248 which
724 3198 756 3248 he
767 3196 862 3247 treated
913 3199 1011 3246 natural
1021 3207 1135 3246 acuteness
1145 3199 1194 3246 wttt
1210 3201 1240 3246 do
1257 3213 1320 3247 more
1336 3198 1392 3246 than
1408 3197 1486 3256 theory

285 3263 346 3311 with
358 3279 374 3311 a
385 3262 526 3326 prosundity
534 3264 584 3312 and
595 3264 772 3327 completeness
783 3262 845 3312 tarel
915 3263 958 3324 (ἐς
974 3261 1107 3326 174-176).
1149 3263 1222 3312 Tltere
1234 3263 1319 3311 should
1329 3265 1354 3310 te
1364 3264 1451 3322 variety
1461 3262 1487 3310 in

285 3326 308 3375 is
322 3342 379 3376 ever
396 3327 523 3390 equalled:
540 3329 585 3376 but
604 3329 635 3376 he
655 3329 770 3378 attached
787 3279 862 3376 much
913 3329 951 3376 tlte
958 3330 1189 3378 treatreunttoavoid
1201 3330 1321 3394 wearying
1331 3328 1368 3376 tlte
1378 3329 1487 3378 anatem

285 3391 335 3441 less
346 3393 499 3456 importance
508 3399 534 3441 to
543 3393 605 3442 form
612 3392 673 3441 thau
680 3401 707 3442 to
718 3394 860 3443 substance:
913 3395 940 3456 (t
955 3394 1022 3456 177).

286 3456 336 3506 and
357 3473 386 3506 so
405 3473 457 3506 was
473 3457 541 3507 often
557 3464 584 3507 at
601 3459 715 3508 varianae
736 3457 797 3507 with
819 3458 862 3507 the
948 3471 986 3519 13.
1003 3461 1099 3515 potius
1117 3463 1243 3510 tradam:
1261 3458 1390 3518 ‘Ishould
1407 3456 1487 3523 prefer

286 3523 362 3572 views
374 3522 402 3572 ol
410 3523 453 3573 the
461 3529 466 3549 ¹
475 3522 581 3587 stylistic
590 3523 595 3542 '
603 3523 698 3581 school,
707 3524 862 3588 represented
912 3528 940 3572 to
951 3523 1018 3572 haud
1029 3523 1083 3572 him
1095 3523 1167 3574 over!
1196 3524 1356 3588 Distinguish
1368 3522 1487 3586 carefully

286 3587 863 3719 atttrititiin‘iiiiliitiiiti
912 3589 1337 3718 “iiiiiiffllhitttt
1366 3654 1396 3702 n
1443 3655 1487 3702 es

286 3720 350 3769 toric
360 3720 390 3769 of
397 3720 517 3770 Aristotle
528 3735 568 3770 see
581 3726 594 3780 ς
607 3735 637 3782 32
651 3722 740 3785 (note).
912 3718 977 3769 their
993 3736 1040 3770 one
1056 3717 1144 3770 task:’
1160 3737 1201 3785 cp.
1219 3721 1282 3769 Hor.
1300 3721 1383 3770 Carm.
1401 3720 1418 3769 i.
1437 3729 1458 3779 7.
1471 3733 1486 3782 5

321 3797 344 3846 5.
361 3788 527 3835 habitarunt
546 3790 578 3834 in
596 3790 650 3836 heo
671 3801 729 3835 una
750 3789 861 3836 rationo
913 3791 985 3833 ‘sunt
1007 3786 1096 3850 quibus
1124 3801 1201 3834 unum
1229 3801 1292 3850 opus
1320 3793 1357 3834 est
1379 3785 1487 3834 intactae

287 3853 442 3907 tractanda,
455 3849 545 3900 ‘dwelt
555 3867 623 3915 upon
634 3851 676 3901 the
687 3852 824 3901 discussion
836 3849 866 3900 of
912 3850 1024 3900 Palladis
1045 3852 1131 3908 urbem
1148 3851 1255 3902 carmine
1279 3858 1398 3915 perpetuo
1425 3850 1487 3899 oele·

287 3913 337 3962 this
347 3929 393 3962 oue
404 3914 535 3965 branchos
542 3915 584 3964 the
595 3916 695 3981 theory'
703 3916 732 3965 of
739 3916 860 3966 rhetoric:
912 3915 998 3967 brare.'

287 3981 394 4028 lectitare
413 3979 438 4026 in
455 3979 506 4028 this
525 3995 594 4028 sense
613 3981 634 4028 is
654 3997 669 4030 a
685 3981 806 4030 favourite
821 3997 862 4030 ex-
948 3995 985 4044 14.
1003 3984 1150 4038 incudem
1168 3981 1265 4030 soTac.
1278 3980 1347 4030 Dial.
1358 3981 1389 4030 de
1400 3979 1443 4030 Or.
1457 3994 1487 4029 20

287 4043 399 4108 pression
415 4043 477 4093 with
492 4044 593 4094 Cicero:
612 4061 651 4109 ep.
667 4046 710 4096 Or.
725 4058 763 4109 15.
777 4047 862 4110 49‘in
913 4046 1036 4103 ‘invenes
1059 4052 1084 4096 et
1111 4047 1137 4096 in
1164 4048 1221 4112 ipsa
1241 4047 1378 4095 studiorum
1400 4045 1488 4095 incude

287 4109 360 4158 bonis
381 4109 493 4159 haerebit
513 4116 538 4158 et
562 4109 689 4160 habitabit
715 4111 793 4161 suis:’
822 4127 862 4176 cp.
913 4111 1006 4178 positi.'

289 4179 302 4234 t
319 4188 378 4235 ²9²:
396 4175 438 4225 the
451 4190 519 4224 same
530 4174 607 4239 figure
622 4177 643 4224 is
659 4175 797 4226 somewhat
813 4177 862 4226 less
946 4179 1038 4226 omnia
1054 4179 1236 4227 tenuissimas
1256 4179 1488 4235 patientissum-

288 4239 494 4304 metaphorically
509 4240 611 4304 applied
625 4241 650 4290 in
663 4242 678 4291 i.
691 4239 731 4290 62.
746 4240 800 4305 264,
812 4243 862 4292 aud
913 4242 986 4307 thing
1002 4244 1047 4292 but
1063 4243 1105 4292 the
1121 4259 1179 4307 very
1195 4243 1307 4292 smallest
1324 4239 1421 4306 pieces.'

286 4304 590 4370 isotherwiseexpressed
601 4306 627 4355 in
638 4307 674 4357 iii.
688 4322 726 4357 ao.
740 4317 779 4371 77.
948 4321 985 4370 15.
1002 4322 1115 4358 mansa:
1138 4325 1178 4373 cp.
1199 4309 1284 4372 Quint.
1307 4324 1330 4356 x.
1350 4321 1371 4356 1.
1392 4320 1421 4371 19
1439 4311 1488 4355 ‘re·

322 4381 344 4434 7.
368 4375 516 4422 Carneadi:
536 4371 552 4421 i.
575 4385 613 4437 19.
635 4373 665 4420 88
689 4373 778 4436 (note).
811 4373 862 4423 For
913 4379 1026 4438 petamus
1037 4380 1119 4423 autem
1135 4381 1160 4423 et
1176 4380 1333 4423 retractemus
1344 4379 1369 4421 et
1380 4377 1407 4420 ut
1418 4371 1488 4420 cibos

286 4435 326 4485 his
342 4437 473 4488 oratorieal
489 4454 573 4502 power
587 4455 627 4503 cp.
639 4438 656 4488 i.
670 4453 708 4487 11.
720 4452 751 4502 45
765 4439 859 4500 (note);
912 4455 1012 4488 mansos
1029 4455 1059 4488 ac
1075 4455 1154 4503 prope
1170 4439 1316 4503 liquefactos
1327 4437 1489 4492 demittimus,

288 4503 324 4551 iii.
338 4504 375 4552 18.
391 4503 439 4561 68;
455 4503 564 4554 Tuscv.
580 4520 604 4567 4.
623 4518 668 4561 11;
686 4505 765 4554 Acad.
781 4505 807 4553 ii.
821 4506 858 4555 18.
911 4519 962 4568 quo
983 4504 1081 4554 facilius
1102 4505 1250 4568 digerantur,
1273 4505 1309 4551 ita
1336 4503 1411 4552 lectio
1438 4517 1489 4550 nou

287 4567 333 4624 60;
351 4569 381 4617 de
394 4568 448 4618 Fin.
461 4569 496 4618 iii.
511 4583 549 4618 12,
561 4584 601 4632 41.
913 4570 994 4619 cruda.
1004 4570 1046 4618 sed
1055 4570 1134 4617 multa
1144 4570 1272 4618 iteratione
1280 4568 1380 4617 mollita
1388 4575 1413 4618 et
1421 4567 1489 4615 velut

318 4646 461 4691 nmquam,
475 4639 487 4694 t
499 4647 554 4684 201.
587 4635 694 4700 Roby‚§
710 4634 779 4700 1649.
911 4634 1022 4685 confecta
1029 4634 1162 4683 memoriae
1169 4634 1355 4698 incitationique
1361 4629 1488 4682 tradatur?
