3310 5040
568 409 639 529 JiE
672 466 766 531 ORA
775 467 806 531 T
806 467 905 532 ORE
936 468 987 532 II.
1314 486 1373 534 221

177 649 235 713 sed
252 659 288 714 ut
304 659 413 716 orator
428 651 470 717 de
490 653 536 718 eis
552 655 659 730 rebus,
676 677 761 737 quae
782 665 964 720 ceterarum
987 657 1108 721 artium
1124 665 1209 733 sunt,
1227 658 1254 722 si
1275 658 1377 722 modo

178 772 233 815 eas
256 758 419 837 cognovit,
441 767 479 822 ut
501 757 570 822 heri
595 761 732 824 Crassus
754 761 896 836 dicebat,
917 760 1044 842 optime
1066 771 1177 844 potest
1196 763 1312 835 dicere,
1330 761 1377 825 sic

177 867 357 922 ceterarum
373 862 493 924 artium
508 862 658 927 homines
674 866 820 927 ornatius
835 865 890 928 illa
906 885 965 928 sua
980 866 1101 944 dicunt,
1118 867 1145 928 si
1161 866 1241 948 quid
1257 867 1300 929 ab
1314 865 1377 929 hac

127 979 164 1026 aa
178 971 248 1026 arte
263 963 456 1043 didicerunt,
472 987 579 1048 neque
604 962 722 1053 [enim]
742 969 769 1030 si
794 968 837 1030 de
856 967 984 1031 rusticis
1005 970 1103 1032 rebus
1125 970 1269 1052 agricola
1289 970 1383 1055 quis(

179 1067 267 1150 piam
295 1077 352 1130 aut
376 1069 488 1144 etiam,
512 1071 546 1132 id
573 1072 663 1152 quod
688 1070 793 1149 multi,
817 1072 963 1135 medicus
990 1073 1033 1136 de
1058 1073 1180 1136 morbis
1203 1083 1261 1136 aut
1285 1074 1312 1136 si
1335 1075 1406 1140 des

179 1171 346 1252 pingendo
362 1174 469 1254 pictor
482 1175 602 1270 aliquis
616 1175 737 1238 diserte
756 1177 921 1258 scripserit
936 1185 995 1239 aut
1010 1177 1141 1254 dixerit,
1157 1177 1277 1241 idcirco
1292 1177 1378 1240 illius

179 1275 257 1337 artis
284 1276 433 1356 putanda
460 1287 510 1342 est
537 1279 744 1360 eloquentia3
768 1281 810 1342 tin
837 1299 904 1361 qua
933 1281 1010 1361 quia
1039 1281 1088 1343 vis
1120 1301 1241 1362 magna
1267 1290 1318 1344 est
1345 1282 1378 1343 in

179 1377 351 1442 hominum
367 1381 515 1464 ingeniis,
531 1403 570 1445 eo
592 1383 687 1446 multi
708 1384 808 1447 etiarn
827 1385 898 1448 sine
914 1385 1063 1447 doctrina
1083 1383 1206 1466 aliquid
1230 1385 1379 1447 omnium

178 1503 337 1563 generum
367 1493 469 1566 atque
498 1487 617 1549 artium
648 1495 911 1568 consequuntur3
942 1487 1009 1564 sed,
1039 1488 1119 1569 quid
1150 1489 1307 1570 cuiusque
1337 1489 1379 1550 sit
1467 1472 1472 1480 ’

180 1588 358 1668 proprium,
375 1590 436 1652 etsi
460 1610 565 1652 exeo
588 1590 722 1654 iudicari
746 1599 866 1673 potest,
882 1611 957 1654 cum
980 1591 1109 1669 videris,
1125 1593 1204 1673 quid
1229 1612 1379 1673 quaeque
1398 1618 1427 1653 10

181 1690 307 1769 doceat,
329 1702 440 1756 tamen
463 1691 526 1758 hoc
549 1694 668 1757 certius
691 1716 762 1758 esse
785 1695 866 1758 nihil
889 1704 1008 1778 potest,
1029 1716 1131 1777 quam
1152 1697 1242 1776 quod
1266 1715 1381 1758 omnes

180 1805 268 1859 artes
283 1797 368 1860 aliae
383 1798 453 1860 sine
471 1798 658 1880 eloquentia
673 1819 768 1861 suuni
784 1819 903 1862 munus
921 1806 1087 1881 praestare
1106 1807 1253 1880 possunt,
1270 1808 1382 1861 orator

182 1901 252 1964 sine
274 1922 314 1965 ea
336 1922 458 1965 nomen
480 1903 630 1965 obtinere
654 1923 749 1965 suum
777 1923 844 1966 non
867 1911 998 1985 potest;
1022 1910 1059 1966 ut
1084 1904 1191 1979 ceteri,
1214 1902 1240 1965 si
1268 1901 1381 1967 diserti

181 2005 256 2083 sint,
277 2005 401 2086 aliquid
425 2005 550 2069 abhoc
574 2005 728 2084 habeant,
748 2005 810 2084 hic,
831 2007 893 2070 nisi
916 2007 1107 2070 domesticis
1129 2028 1165 2069 se
1188 2006 1382 2070 instruxerit

115 2110 166 2175 10
181 2110 293 2191 copiis,
308 2110 441 2172 aliunde
457 2109 587 2172 dicendi
603 2111 733 2190 copiam
750 2119 862 2192 petere
881 2131 947 2174 non
963 2110 1086 2192 possit'
1131 2111 1218 2174 Tum
1242 2110 1382 2173 Catulus
1398 2143 1426 2191 15

130 2197 167 2242 ³⁹
181 2212 279 2292 ‘etsi'
294 2214 400 2294 inquit
413 2211 568 2290 ‘Antoni
581 2213 715 2275 minime
731 2214 960 2295 impediendus
976 2225 1026 2278 est
1042 2213 1307 2297 interpellatione
1319 2214 1382 2277 iste

177 2337 294 2380 cursus
322 2316 479 2381 orationis
509 2325 594 2395 tuae,
621 2317 746 2398 patiere
772 2326 886 2382 tamen
914 2316 1060 2399 mihique
1087 2319 1257 2399 ignosces;
1289 2320 1382 2382 “non

215 2520 236 2553 a.
254 2505 364 2571 coguovit
375 2505 448 2566 Aby:
466 2502 596 2567 vulgatum
608 2505 714 2568 cognorit
724 2520 787 2553 unus
799 2504 827 2553 L.
840 2519 864 2567 4.
947 2518 983 2554 10.
1003 2505 1060 2569 quid
1069 2521 1168 2569 quaeque
1179 2505 1258 2552 doceat
1268 2518 1330 2552 corr.
1343 2503 1382 2552 K:

180 2571 253 2620 codd.
266 2573 369 2625 doceant,
386 2570 433 2619 nisi
451 2569 519 2634 quod
535 2569 561 2618 in
575 2570 635 2631 Aby
652 2570 743 2632 legitur
761 2573 871 2634 quidque:
888 2570 953 2619 unde
970 2571 1066 2619 mavult
1077 2570 1155 2619 Adler
1172 2572 1229 2632 quid
1244 2572 1325 2633 quique
1337 2573 1382 2631 (sc.

180 2636 297 2764 hnibcff.)
309 2639 411 2686 doceant.
571 2648 609 2683 11.
626 2652 696 2700 quam
713 2637 776 2702 quod
788 2652 864 2685 omues
876 2637 962 2686 codd:
974 2639 1037 2700 quod
1047 2653 1124 2684 omnes
1141 2635 1254 2699 Madvig.
1267 2636 1382 2697 (Advers.

181 2871 210 2921 ol
227 2870 299 2922 other
320 2869 439 2921 branches
459 2869 489 2919 of
503 2869 682 2934 knowledget'
707 2869 756 2920 and
808 2870 914 2920 Catullus
930 2871 981 2919 oud
996 2871 1093 2918 Crassus
1105 2871 1148 2932 (tt
1162 2869 1255 2934 39-40)
1267 2861 1385 2917 Ausinius

180 2937 261 2990 below
278 2941 429 2986 ‘ceterarum
446 2937 536 2986 artium
550 2936 663 2986 homines
672 2937 692 2984 ι’
716 2953 756 3001 cp.
803 2937 911 2998 proceeds
922 2947 945 2984 to
956 2939 1041 2985 diseias
1057 2938 1094 2986 ctu
1107 2944 1194 2997 proper
1208 2937 1287 2997 spiere
1298 2938 1326 2994 os
1334 2936 1384 2983 riu·

179 3004 196 3051 i.
211 3013 248 3066 27.
263 3016 316 3065 124.
368 3015 372 3020 ·
806 3004 871 3051 toric.
905 3004 943 3049 He
954 3004 1060 3050 excludes
1074 3006 1112 3049 tlte
1126 3002 1195 3049 usual
1204 3017 1279 3065 genus
1291 3002 1384 3049 demeu-

212 3084 270 3118 non
283 3082 326 3126 eo,
345 3069 353 3094 ‘
360 3066 381 3115 it
400 3067 460 3116 does
478 3073 522 3116 not
539 3065 660 3115 therefore
671 3065 757 3115 follow
806 3068 935 3123 strativum,
961 3084 988 3114 us
1004 3068 1102 3130 ueediug
1123 3083 1153 3113 rto
1175 3067 1259 3127 special
1281 3073 1395 3126 precepta¹

180 3134 257 3184 that?
275 3136 381 3182 idcirco
390 3134 410 3181 is
419 3149 487 3181 more
494 3132 566 3180 usual
573 3132 634 3180 with
642 3131 691 3180 this
699 3147 757 3180 con·
809 3134 851 3194 (ξς
864 3132 976 3194 43-50);
994 3134 1044 3181 aud
1058 3133 1107 3179 also
1124 3132 1216 3191 history.
1233 3131 1270 3178 tlte
1285 3131 1384 3178 mention

180 3198 318 3258 stuariam
346 3199 392 3248 but
413 3214 453 3262 cp.
478 3202 490 3257 §
512 3207 544 3260 47
565 3197 614 3246 and
634 3194 754 3260 Nigelsb.
808 3200 838 3258 of
841 3200 915 3246 which
926 3198 1102 3261 givesoccasiou
1107 3197 1264 3258 sororapid
1273 3198 1391 3257 surveyoj

180 3279 205 3328 p.
218 3279 273 3328 519.
807 3263 1121 3323 thechiesGreeleleistorious
1130 3263 1279 3324 (5551-58).
1298 3263 1386 3310 Caesar

215 3345 238 3380 2.
255 3332 331 3379 heri:
350 3331 367 3386 i,
379 3330 412 3392 i4.
425 3327 456 3376 62
469 3327 494 3378 tf.
804 3331 893 3390 proises
904 3330 939 3377 leis
951 3329 1085 3392 knowledge
1098 3329 1128 3389 os
1137 3328 1210 3374 Greek
1223 3330 1350 3382 literature,
1361 3336 1384 3375 to

213 3413 237 3460 4.
255 3399 290 3445 de
312 3398 425 3445 rusticiu
443 3398 543 3444 rebus:
566 3393 582 3444 i.
599 3391 635 3444 16.
654 3391 702 3457 69;
721 3397 756 3443 de
807 3396 881 3443 wleicle
892 3396 1008 3442 Antonius
1022 3395 1101 3456 replies
1120 3395 1172 3440 thot
1188 3395 1205 3441 it
1217 3394 1236 3440 is
1247 3395 1385 3457 confinedto

180 3459 294 3516 morbis,
304 3461 355 3510 like
367 3459 611 3524 AsclepiadeS.i.14.
623 3458 663 3508 62.
806 3461 844 3508 ete
855 3461 978 3509 historicus
990 3463 1039 3508 aud
1054 3469 1143 3508 oratore
1154 3459 1197 3520 (ξς
1210 3458 1314 3521 59-61).
1347 3459 1385 3505 He

214 3530 337 3584 agrieole
345 3530 499 3584 quispiam.
509 3563 515 3574 .
524 3529 629 3583 ‚prator
636 3527 755 3582 aliquis:
807 3528 858 3573 theu
868 3542 923 3589 goes
935 3542 964 3572 ore
976 3532 999 3572 to
1011 3525 1074 3572 show
1085 3526 1135 3571 that
1150 3540 1179 3570 uo
1191 3525 1253 3571 rules
1264 3540 1306 3572 are
1314 3525 1384 3587 given

179 3610 213 3643 no
224 3592 369 3642 distinction
380 3609 426 3642 can
443 3592 475 3641 be
491 3592 575 3640 drawn
591 3592 702 3640 between
713 3590 757 3638 the
807 3593 835 3651 by
850 3591 886 3638 tlte
904 3591 1055 3638 rhetorieiaus
1067 3591 1110 3648 sor
1125 3590 1221 3652 writiug
1236 3590 1329 3648 history,
1341 3604 1386 3635 nor

182 3676 224 3708 use
237 3658 266 3708 ol
278 3658 346 3706 these
362 3666 413 3707 two
428 3672 567 3721 pronouns:
585 3672 624 3720 ep.
637 3657 756 3719 Draeger,
801 3658 846 3716 sor
858 3657 920 3705 other
931 3655 1042 3704 braucbes
1059 3657 1088 3714 of
1094 3655 1192 3715 literory
1202 3656 1299 3713 activity
1310 3653 1385 3702 witich

182 3725 250 3774 Hist.
262 3723 330 3788 Synt.
343 3724 356 3772 i.
371 3739 394 3787 p.
407 3732 444 3787 79.
807 3723 899 3783 require
906 3731 929 3768 to
941 3723 967 3768 be
980 3720 1084 3769 handled
1093 3719 1148 3767 with
1157 3721 1276 3782 eloquente
1286 3723 1326 3780 (§§
1335 3717 1385 3767 61-

216 3803 238 3852 5.
255 3793 285 3838 id
297 3795 373 3846 quod
383 3791 477 3844 multi,
494 3787 661 3838 seieceruut:
685 3800 724 3848 ep.
739 3784 757 3834 i.
808 3786 861 3848 64).
897 3786 945 3834 Tlu
959 3802 1022 3833 same
1038 3787 1057 3832 is
1073 3785 1391 3837 thecasewithtlredlscus-,

182 3870 221 3919 59.
236 3869 282 3918 ²53
296 3858 386 3917 (note).
807 3854 857 3899 riou
881 3852 910 3912 of
925 3852 1026 3899 obstract
1049 3852 1210 3912 propositione,
1232 3851 1306 3898 wleicle
1323 3865 1385 3897 some

214 3924 298 3970 multi
309 3937 369 3984 goes
381 3918 441 3969 with
457 3919 559 3966 omnium
567 3933 678 3982 geuerum
690 3922 759 3978 atque
808 3919 888 3980 ossigu
899 3926 922 3964 to
935 3917 972 3964 the
982 3928 1077 3971 orator:
1095 3918 1134 3964 but
1147 3919 1210 3964 rules
1219 3918 1263 3976 for
1274 3917 1333 3964 these
1344 3931 1386 3963 are
1459 3961 1466 3974 ⁸

181 3989 276 4046 artium,
300 3987 350 4035 and
372 3986 393 4034 is
419 3984 471 4035 like
494 3990 644 4034 ‘ceterarum
667 3980 758 4032 artium
808 3985 884 4044 really
898 3983 1010 4037 ueedlesse
1028 3999 1073 4042 any
1089 3997 1132 4029 oue
1147 3983 1198 4030 who
1215 3983 1258 4030 luas
1273 3982 1387 4029 mostered

182 4052 309 4102 homines!
807 4050 845 4096 tlte
860 4064 923 4096 more
939 4049 1038 4112 difficult
1050 4048 1164 4110 problema
1181 4049 1211 4107 of
1222 4048 1257 4095 lris
1273 4057 1319 4102 ort,
1335 4047 1386 4094 will

220 4132 256 4168 11.
268 4120 380 4175 certius,
394 4122 500 4165 ‘amore
509 4113 657 4177 convincing
665 4111 758 4177 prool3'
808 4116 900 4163 needuo
911 4114 1032 4161 directions
1043 4115 1094 4162 low
1106 4123 1128 4160 to
1140 4113 1193 4161 deal
1203 4113 1258 4160 with
1269 4117 1307 4161 tle
1315 4113 1386 4160 easier

186 4189 240 4234 hoo
253 4184 326 4246 (abl)
339 4183 360 4230 is
374 4181 505 4245 explained
518 4181 552 4244 by
568 4185 657 4244 ‘quam
674 4178 757 4243 quod’
808 4197 860 4228 oues
870 4180 913 4242 (55
926 4177 1028 4242 65-70).
1056 4181 1094 4228 He
1103 4189 1213 4226 reasserts
1224 4181 1248 4226 iu
1260 4179 1325 4238 repty
1336 4187 1358 4224 to
1370 4193 1385 4224 a

187 4257 242 4306 etc..
265 4249 314 4299 and
338 4249 358 4296 is
382 4246 534 4312 pleonastic=
558 4262 597 4310 cp.
614 4247 631 4295 i.
650 4256 688 4306 37.
711 4242 758 4309 169
808 4247 877 4293 doubt
899 4246 1020 4306 expressed
1037 4246 1065 4306 by
1088 4245 1192 4300 Catulus,
1215 4244 1265 4292 that
1281 4244 1385 4305 sarensic

187 4316 277 4377 (note).
304 4314 389 4364 Hence
400 4313 420 4360 it
428 4313 449 4363 is
457 4311 568 4362 needless
579 4311 641 4362 with
653 4310 758 4374 Madvig
808 4321 903 4371 oratory
921 4312 940 4358 is
961 4311 1035 4372 really
1056 4312 1094 4359 the
1114 4319 1171 4360 most
1187 4311 1287 4374 difficult
1305 4309 1336 4369 os
1351 4307 1386 4356 all

178 4389 213 4430 ‘to
225 4380 299 4443 reject
310 4391 315 4406 ·
326 4377 417 4444 quaml
808 4379 851 4439 (ξς
866 4376 967 4438 71-73).

213 4460 251 4506 13.
259 4452 292 4496 ut
300 4448 396 4504 ostem,
404 4450 449 4494 not
459 4445 498 4504 (as
505 4442 633 4506 explained
641 4442 675 4507 by
682 4441 758 4504 Pidf)
844 4453 882 4504 17.
900 4456 1009 4498 curem,
1021 4447 1027 4467 ⁸
1037 4436 1111 4488 flow?

183 4512 322 4575 dependent
344 4526 413 4574 upon
436 4506 555 4568 ‘certius'
572 4509 617 4558 but
636 4524 664 4558 as
681 4507 759 4558 Adler
841 4510 995 4564 nonenim,
1007 4512 1054 4554 etc.
1089 4504 1157 4552 Trin.
1171 4499 1306 4565 705‘Ndn
1319 4499 1385 4550 enim

182 4577 275 4642 rightly
287 4591 340 4625 sees
348 4584 380 4616 ε·
389 4591 417 4624 so
429 4573 501 4625 that!
809 4587 911 4637 possum
944 4569 987 4620 uln
999 4570 1135 4620 exclamem
1151 4583 1221 4630 euge,
1234 4565 1305 4630 edge,
1316 4567 1386 4630 Lysi·

216 4658 255 4693 oo.
272 4646 362 4694 10-1'1.
380 4639 760 4704 Astersomeeomplimeutefrom
810 4635 887 4703 teies:
908 4654 926 4686 π
968 4653 996 4688 r:
1019 4633 1092 4686 licile
1109 4632 1219 4698 palmam
1235 4630 1329 4683 habes:
1344 4631 1386 4684 hic
