3310 5040
349 174 544 325 ‘dmin
568 258 643 308 cun
668 158 918 361 rifath.
940 141 1109 320 ψῃ)
1126 158 1145 266 y

286 431 351 500 234
610 410 661 475 M.
690 406 863 474 TULLII
891 400 1156 472 CICERONIS

285 602 487 684 definitaque
513 619 621 674 causa,
648 597 764 680 quales
793 605 879 675 sunt,
909 616 994 679 quae
1024 583 1057 658 ln
1086 595 1206 668 litibus,
1231 615 1317 677 quae
1347 593 1381 657 in
1405 593 1487 658 deli-

226 737 230 752 ·
285 705 508 770 berationibus
530 712 711 780 versantur,
733 702 854 794 addat,
868 699 894 763 si
919 700 993 782 quis
1014 698 1113 778 volet,
1136 700 1237 763 etiam
1258 697 1486 774 laudationes3

49 787 163 866 ‘'sl‘l'i
177 793 269 889 rsty(
285 809 436 886 alterurn,
458 809 549 889 quod
573 805 745 889 appellant
769 825 884 868 omnes
908 803 977 866 sere
999 803 1182 884 scriptores
1205 802 1354 885 explicat
1378 820 1486 878 nemo,

46 945 61 995 ι,
79 955 129 1004 n.)
164 897 252 996 „cir
284 905 601 1003 infinitamgeneris
624 911 695 1018 siqe
718 918 871 1022 pqrnpore
897 918 931 971 et
954 907 1025 971 sine
1051 927 1192 990 persona
1215 907 1488 988 quaestionem—

44 998 205 1104 '',*„.lla
220 989 347 1088 l‘s‘lib'd
374 984 528 1099 ‘qdidwe‘t‘
551 983 716 1097 qu'arituin'
744 1013 796 1085 sit,
826 1032 901 1076 cum
932 1012 1055 1086 dicunt,
1086 1011 1278 1093 intellegere
1308 1009 1389 1073 mihi
1419 1027 1485 1071 non

49 1109 55 1122 ’
283 1122 456 1185 videntur:
479 1121 506 1183 si
531 1120 619 1182 enirn
643 1126 694 1182 est
720 1117 866 1194 oratoris,
892 1136 1121 1198 quaecumque
1147 1136 1198 1179 res
1224 1113 1350 1177 infinite
1376 1115 1486 1196 posita
1499 1129 1537 1175 oo
1629 1129 1631 1138 ⁴

20 1199 210 1312 ,mimmii
284 1225 336 1300 sit,
353 1226 397 1289 de
419 1244 458 1288 ea
481 1245 578 1306 posse
600 1223 721 1296 dicere,
737 1220 914 1284 dicendum
938 1220 999 1283 erit
1022 1220 1060 1296 ei,
1080 1226 1205 1300 quanta
1227 1219 1270 1282 sit
1292 1216 1370 1280 solis
1394 1236 1486 1300 mag-

47 1311 113 1444 rini.
136 1306 206 1396 lu..
284 1329 409 1406 nitudo‚
432 1349 518 1410 quae
539 1327 645 1390 forma
668 1334 795 1404 terrae;
818 1325 861 1388 de
887 1323 1138 1398 mathematicis,
1163 1323 1205 1386 de
1231 1322 1363 1385 musicis
1389 1321 1486 1384 rebus

97 1417 175 1500 r'm,
210 1447 214 1469 ’
284 1451 352 1496 non
368 1433 490 1514 poterit
508 1431 588 1513 quin
604 1431 692 1494 dicat
712 1428 776 1493 hoc
797 1449 895 1492 onere
917 1437 1070 1510 suscepto
1091 1442 1259 1504 recusare3
1282 1426 1425 1508 denique
1447 1424 1487 1501 ei,

52 1505 272 1596 ··'l‘'ll‘“*‘“1ll
284 1537 341 1618 qui
363 1536 537 1618 profitetur
559 1555 631 1598 esse
653 1554 749 1596 suum
773 1553 840 1612 non
867 1533 974 1597 solum
999 1533 1042 1596 de
1065 1505 1373 1628 eiffitmyersip,
1400 1549 1490 1632 quae
1516 1583 1527 1615 Ι,

77 1648 88 1675 '⁴
114 1671 116 1684 ι
133 1645 145 1704 -‘.
184 1635 250 1702 ,col
284 1639 489 1722 temporibus
505 1646 539 1701 et
554 1637 702 1722 personis
717 1646 851 1700 notatae
868 1645 953 1712 sunt,
969 1634 1033 1700 hoc
1049 1645 1107 1714 est,
1122 1637 1165 1700 de
1185 1603 1504 1715 omnibus'idiebsi·'

112 1775 116 1835 3
162 1823 246 1864 Μ
284 1743 355 1822 bus,
372 1743 430 1806 sed
447 1742 547 1806 etiarn
563 1743 605 1807 de
625 1763 782 1825 generum
802 1741 937 1806 infinitis
958 1739 1205 1824 quaestionibus
1225 1739 1341 1811 dicere,
1359 1737 1485 1801 nullum

81 1837 107 1888 t*
121 1843 163 1888 „t

75 1961 83 1993 ,ιι
98 1961 104 1971 .
124 1945 142 1984 q·
160 1903 191 1968 l(¹

68 1989 215 2086 ..nrltli'L

214 1871 251 1938 „Q
283 1856 395 1930 potest
422 1868 507 1960 esii,
520 1867 625 1934 genus
651 1846 816 1925 orationis,
839 1845 930 1928 quod
956 1846 998 1910 sit
1025 1843 1309 1934 exceptum—sed
1336 1843 1363 1905 si
1392 1841 1485 1907 illam
1499 1839 1547 1904 16

309 1972 418 2033 uoque
437 1933 566 2033 partein¹
577 1943 823 2033 ‘quaestionum
846 1947 969 2013 oratori
991 1949 1143 2014 volumus
1166 1948 1344 2031 adiungere
1365 1967 1485 2028 vagam
1499 1926 1535 1975 ⁰⁷

241 2084 270 2134 15
285 2064 319 2119 et
349 2054 487 2126 liberam
518 2065 551 2118 et
581 2055 647 2119 late
680 2064 862 2137 patentem,
893 2063 930 2117 ut
960 2054 1002 2117 de
1035 2053 1132 2118 rebus
1165 2052 1260 2116 bonis
1291 2061 1349 2114 aut
1382 2049 1485 2128 malis,

284 2159 483 2242 expetendis
513 2167 572 2223 aut
605 2158 777 2242 fugiendis,
807 2157 956 2222 honestis
985 2166 1042 2220 aut
1072 2157 1233 2239 turpibus,
1263 2153 1398 2218 utilibus
1427 2162 1486 2217 aut

284 2262 463 2341 inutilibus,
490 2264 533 2326 de
554 2263 684 2342 virtute,
709 2263 751 2326 de
777 2263 910 2336 iustitia,
936 2263 978 2326 de
1001 2261 1212 2339 continentia,
1236 2259 1278 2323 de
1302 2257 1486 2342 prudentia,

285 2368 328 2431 de
344 2367 572 2448 magnitudine
586 2366 697 2444 animi,
716 2367 758 2430 de
780 2364 985 2442 liberalitate,
1001 2367 1044 2430 de
1066 2367 1199 2446 pietate,
1214 2364 1257 2428 de
1275 2362 1428 2440 amicitia,
1444 2363 1486 2425 de

285 2471 402 2549 officio,
418 2471 460 2534 de
475 2470 551 2543 fide,
568 2471 610 2533 de
629 2470 744 2533 ceteris
759 2470 936 2532 virtutibus
957 2470 1192 2551 contrariisque
1207 2469 1294 2531 vitiis
1310 2467 1486 2545 dicendum

178 2617 191 2677 Γ
209 2605 277 2692 ,qq
282 2573 407 2652 oratori
419 2582 574 2655 putemus
586 2597 594 2650 ;
616 2573 763 2654 itemque
776 2573 818 2636 de
830 2573 1018 2654 republica,
1032 2573 1074 2636 de
1086 2573 1232 2654 imperio,
1246 2573 1332 2636 dere
1345 2571 1485 2648 militari,

84 2689 90 2705 ¹
115 2663 164 2716 ’Ὗ
192 2671 196 2688 “
221 2664 242 2694 i*
262 2665 336 2740 “diei
354 2676 527 2758 disciplina
551 2677 701 2755 civitatis,
725 2677 768 2740 de
793 2676 965 2739 hominum
993 2676 1147 2753 moribus,
1171 2675 1387 2768 adsumamus
1412 2694 1485 2738 eam

285 2799 418 2862 quoque
439 2788 580 2861 partem,
596 2779 655 2842 sed
676 2780 784 2857 itasut
803 2780 845 2844 sit
866 2779 1110 2860 circumscripta
1131 2777 1268 2841 modicis
1288 2779 1485 2859 regionibus.

286 2883 453 2965 Equidem
466 2883 576 2946 omnia
595 2904 681 2966 quae
692 2879 912 2966 pertinentbd
925 2904 1021 2947 usum
1034 2883 1160 2959 civium,
1169 2901 1294 2945 morem
1303 2861 1538 2994 hominum}8

285 3007 371 3070 quae
391 2932 615 3106 versantur&
637 2988 875 3052 consuetudine
894 2987 992 3063 vitae,
1009 2988 1042 3050 in
1063 2987 1191 3050 ratione
1210 2985 1255 3048 rei
1276 2983 1436 3082 publicae,
1450 2985 1485 3046 in

1442 3098 1480 3132 κ,

318 3164 341 3214 9.
358 3151 429 3206 quin
446 3152 530 3206 diost,
553 3149 696 3214 depending
717 3166 786 3215 upon
807 3156 860 3199 ‘re·
945 3163 983 3212 15.
1000 3149 1224 3198 liberam=nullis
1247 3148 1351 3198 trrnrinr's
1372 3159 1484 3212 saeptam,

286 3217 388 3263 cusare!
423 3215 448 3263 It
459 3215 480 3264 is
491 3214 540 3264 less
551 3231 668 3264 common
680 3223 706 3266 to
715 3215 766 3264 find
778 3214 859 3298 'quin'
909 3212 1085 3265 mnemfined!

286 3279 428 3344 depending
438 3295 512 3392 rppon
530 3297 562 3330 an
579 3282 683 3331 omitted
701 3281 804 3339 ‘facere
833 3297 860 3331 as
943 3296 982 3330 21.
1001 3283 1152 3338 disciplina
1173 3281 1314 3330 civitatis:
1342 3279 1358 3328 i.
1376 3293 1415 3343 34.
1436 3291 1483 3344 159

285 3345 312 3392 in
333 3350 398 3406 §3-
1337 3355 1340 3360 ·

285 3360 390 3459 Phuni
410 3413 443 3471 (e.
450 3426 475 3474 g.
498 3410 576 3461 Stich.
602 3413 670 3473 302),
691 3413 736 3460 but
760 3413 772 3460 1
797 3412 861 3462 have
942 3417 1129 3473 adsumamus,
1149 3411 1290 3462 concessive
1309 3409 1373 3475 conj.
1401 3411 1483 3476 Roby‚

285 3481 331 3525 not
346 3475 422 3525 lound
438 3491 488 3540 any
507 3476 532 3525 in
550 3476 647 3528 Cicero.
682 3478 730 3540 Cp.
748 3477 859 3536 Kiilrner,
911 3477 1010 3538 smus.
1226 3477 1315 3492 ’”

285 3541 313 3592 ii.
326 3541 382 3604 833.
944 3557 982 3593 22.
1000 3545 1170 3602 regionibus,
1184 3540 1363 3598 ‘boundaries,'
1375 3557 1403 3591 as
1414 3542 1483 3592 osten

321 3620 359 3657 11.
377 3612 499 3666 notatae,
522 3606 695 3672 undoubtedly
722 3607 766 3657 the
793 3607 861 3671 right
909 3607 935 3657 in
958 3608 1054 3668 Cicero,
1075 3625 1091 3657 a
1112 3608 1229 3671 meaning
1253 3606 1359 3671 directly
1380 3607 1484 3657 derived

285 3673 397 3737 reading,
411 3674 431 3722 is
443 3674 492 3722 due
507 3679 535 3722 to
551 3689 567 3722 a
584 3673 722 3738 conjecture
734 3674 764 3723 ol
772 3673 861 3722 Manu·
909 3673 973 3723 lrom
986 3675 1018 3722 its
1029 3673 1138 3738 primary
1148 3674 1266 3736 meaning
1282 3672 1312 3721 ol
1321 3671 1400 3723 ‘lina'
1434 3673 1484 3737 Cp.

285 3739 349 3789 tius:
378 3738 413 3786 all
436 3738 508 3788 MSS.
530 3738 593 3788 have
616 3751 690 3796 notae,
712 3740 747 3802 by
768 3755 784 3788 a
802 3754 861 3801 very
908 3755 954 3803 pro
962 3739 1087 3790 Arenio.
1098 3739 1176 3801 23‘si
1188 3754 1226 3788 res
1237 3754 1280 3788 eae
1291 3754 1353 3802 quas
1361 3739 1483 3802 gessimus

286 3819 404 3854 common
413 3819 487 3853 error.
512 3804 560 3868 Cp.
573 3804 755 3854 Drakenborch
764 3820 796 3853 on
806 3805 861 3854 Liv.
909 3805 977 3854 orbis
994 3813 1074 3854 terrae
1091 3805 1234 3870 regionibus
1250 3801 1431 3862 definiuntur3’
1448 3804 1483 3853 ib.

285 3869 345 3918 xxii.
361 3880 400 3930 37.
412 3883 442 3931 9;
458 3869 524 3917 xxiv.
537 3871 577 3932 48.
587 3879 609 3931 7.
643 3870 689 3933 Cp.
699 3870 730 3918 de
739 3868 784 3918 Or.
793 3870 860 3920 Part.
912 3884 949 3918 11.
964 3885 994 3935 29
1007 3870 1110 3934 ‘quibus
1127 3871 1270 3935 regionibus
1288 3869 1355 3919 vitae
1373 3869 1484 3934 spatium

289 3935 327 3983 18.
348 3933 376 3981 61
399 3933 465 3982 ‘duo
486 3941 543 3982 sunt
565 3935 739 3998 quaestionum
761 3951 861 3998 genera,
909 3937 1124 4001 circumscriptum
1135 3933 1187 3986 est.'

287 4015 392 4064 quorum
405 3998 515 4052 ‚alterum
540 3998 638 4047 finitum
660 4000 813 4064 temporibus
835 4007 861 4049 et
944 4015 982 4063 ²3·
999 4006 1036 4051 ud
1047 4016 1131 4051 usum
1143 4005 1258 4059 nivium,
1274 4015 1382 4050 morem
1392 4004 1484 4050 homi·

285 4065 399 4128 personis
413 4079 513 4113 causam
528 4065 638 4129 appello,
659 4064 765 4114 alterum
780 4065 861 4114 infini-
909 4081 989 4122 num,
1002 4067 1061 4116 ‘the
1076 4067 1185 4132 practice
1202 4068 1231 4116 oi
1246 4066 1289 4117 the
1308 4067 1417 4122 citizens,
1434 4067 1486 4116 and

286 4136 348 4186 tum,
360 4128 435 4178 nullis
446 4145 524 4194 neque
538 4130 650 4195 personis
664 4145 742 4194 neque
754 4137 861 4196 tempor·
909 4131 975 4181 their
1000 4130 1100 4195 ways:’
1124 4133 1170 4182 but
1192 4132 1234 4182 the
1257 4132 1362 4182 absence
1385 4131 1415 4182 os
1435 4147 1485 4195 any

286 4195 343 4244 ibus
354 4201 477 4251 notatum,
489 4196 645 4260 propositum
656 4193 736 4244 voco?
909 4196 1067 4260 conjunctim
1096 4198 1236 4260 (moremque
1263 4197 1285 4246 is
1315 4197 1375 4261 only
1403 4197 1482 4246 found

322 4273 358 4322 13.
375 4263 455 4309 illum
465 4276 576 4320 quoque
587 4268 710 4318 partem:
728 4260 744 4310 i.
752 4277 773 4310 e.
781 4262 861 4311 ethics
910 4263 935 4310 in
958 4279 1005 4312 one
1028 4263 1129 4313 inferior
1151 4263 1219 4325 MS.)
1245 4263 1331 4312 makes
1353 4265 1373 4312 it
1396 4262 1486 4327 highly

287 4326 338 4375 and
359 4327 460 4390 politics
482 4343 509 4376 as
532 4326 589 4375 well
611 4342 639 4376 as
662 4327 770 4392 physics.
814 4329 861 4392 Cp.
908 4328 1031 4393 probable
1047 4328 1103 4378 that
1119 4345 1205 4378 morem
1220 4329 1337 4378 hominum
1353 4329 1375 4377 is
1393 4331 1451 4392 only
1467 4345 1484 4378 a

286 4391 330 4442 the
349 4406 408 4454 very
427 4391 522 4441 similar
540 4392 678 4441 discussion
697 4393 726 4442 oi
743 4393 785 4442 the
805 4409 861 4456 pro·
909 4393 977 4456 gloss
989 4410 1021 4443 on
1033 4413 1105 4443 usum.
1135 4395 1164 4443 In
1177 4393 1218 4444 the
1234 4401 1293 4444 next
1305 4393 1394 4452 clause,
1407 4403 1486 4444 trans-

287 4457 358 4506 vince
369 4459 399 4506 ol
411 4459 531 4507 Rhetoric
542 4459 569 4507 in
581 4459 663 4517 Plato,
678 4458 757 4521 Gorg.
769 4472 817 4521 453
827 4460 860 4515 D,
909 4459 960 4508 late
973 4460 1012 4508 'in
1027 4476 1073 4510 our
1084 4459 1162 4509 social
1178 4461 1296 4511 relations
1308 4459 1357 4510 and
1369 4460 1485 4526 political

287 4537 338 4635 434
347 4523 376 4580 C,
394 4525 485 4574 andos
499 4523 622 4576 Dialectic
633 4524 659 4574 in
672 4524 724 4576 Cic.
742 4525 822 4574 Acad.
835 4523 860 4574 ii.
909 4524 967 4575 lise!

289 4597 399 4654 2.91.'

480 3361 521 3395 ere
540 3361 582 3395 are
600 3346 672 3395 other
690 3347 813 3396 instances
835 3347 861 3395 in
911 3348 1000 3409 (note).
