3286 5036
512 445 516 452 ·
580 425 652 489 na
676 425 909 492 onnrona
931 427 981 492 Jr.
1034 451 1038 456 -
1329 451 1390 518 301

190 617 348 701 graviora,
365 624 478 681 tamen
494 635 561 680 non
576 636 648 680 esse
666 625 762 681 tanta
784 616 841 682 illa
864 619 989 696 merita,
1005 629 1164 702 quantam
1181 621 1392 689 insolentiam

123 733 177 783 210
189 721 333 784 hominis
359 730 587 803 quantumque
613 720 803 798 fastidium3
835 721 879 785 ad
906 723 1092 787 sedandum
1122 735 1244 805 autern,
1270 747 1391 810 magno

189 825 246 888 illa
261 825 381 904 labore,
398 825 527 908 magnis
549 824 702 906 periculis
718 845 790 888 esse
808 835 904 907 parta
920 847 980 890 nec
997 830 1040 892 ad
1058 849 1154 892 suum
1170 833 1401 912 commodum,

189 929 248 992 sed
265 929 307 992 ad
328 929 468 993 aliorum
485 948 557 992 esse
572 928 724 1005 conlata;
748 950 892 1013 eumque
906 931 933 993 si
950 952 1051 1013 quam
1066 932 1207 1014 gloriam
1223 937 1391 1016 peperisse

188 1033 371 1111 videantur,
386 1042 499 1096 tamen
515 1031 577 1095 etsi
594 1053 634 1096 ea
650 1052 716 1094 non
732 1032 775 1096 sit
790 1033 903 1116 iniqua
920 1055 1044 1098 merces
1062 1036 1206 1118 periculi,
1222 1046 1335 1103 tamen
1352 1062 1390 1105 ea
1405 1052 1419 1103 5

189 1156 255 1199 non
271 1136 427 1200 delectari
443 1144 617 1216 totamque
628 1136 759 1199 abicere
774 1146 876 1218 atque
891 1138 1078 1219 deponere3
1100 1142 1302 1223 omninoque
1317 1165 1391 1226 per-

188 1239 365 1304 ficiendum
381 1248 441 1314 est,
457 1239 613 1320 quoniam
634 1238 782 1320 plerique
803 1249 880 1303 sunt
898 1242 999 1304 invidi
1021 1243 1235 1326 maximeque
1254 1246 1318 1310 hoc
1340 1258 1390 1311 est

187 1363 363 1408 commune
378 1345 494 1407 vitium
507 1351 540 1406 et
552 1351 759 1424 perpetuum,
772 1343 937 1407 invidetur
951 1353 1064 1408 autem
1080 1349 1260 1428 praestanti
1272 1349 1396 1414 liorem

187 1449 281 1531 tique
295 1449 454 1523 fortunae,
471 1456 508 1510 ut
522 1446 605 1510 haec
621 1447 733 1528 opinio
750 1447 916 1511 minuatur
932 1458 965 1512 et
981 1448 1037 1512 illa
1054 1449 1221 1514 excellens
1236 1453 1390 1535 opinione

125 1569 174 1617 211
187 1551 320 1617 fortuna
355 1572 430 1615 cum
465 1549 632 1614 laboribus
664 1560 698 1614 et
728 1551 866 1614 miseriis
897 1554 1066 1634 permixta
1095 1555 1256 1621 videatur.
1316 1557 1390 1622 Iam
1406 1581 1436 1616 10

188 1655 411 1720 misericordia
426 1663 587 1730 movetur,
604 1655 631 1717 si
648 1653 684 1730 is,
701 1655 757 1737 qui
773 1656 875 1735 audit,
890 1656 1011 1720 adduci
1032 1667 1151 1740 potest,
1169 1659 1287 1736 utilia,
1304 1681 1390 1744 quae

187 1761 229 1824 de
252 1760 357 1825 altero
373 1760 596 1842 deplorentur,
612 1759 656 1822 ad
672 1779 748 1822 suas
770 1779 821 1822 res
842 1771 982 1836 revocet,
999 1782 1082 1842 quas
1098 1771 1156 1826 aut
1170 1763 1284 1829 tulerit
1299 1785 1389 1828 acer-

185 1864 246 1929 bas
262 1874 320 1929 aut
335 1865 460 1940 timeat,
477 1870 514 1925 ut
530 1862 662 1926 intuens
680 1861 782 1925 alium
807 1863 920 1926 crebro
942 1865 986 1928 ad
1004 1885 1040 1928 se
1061 1865 1169 1948 ipsum
1185 1877 1389 1944 revertatur;

186 1968 233 2034 ita
242 1989 317 2032 cum
326 1967 447 2050 singuli
458 1987 554 2030 casus
565 1966 784 2030 humanarum
801 1969 1005 2034 miseriarum
1021 1970 1387 2054 graviteraccipiuntur,

184 2075 212 2138 si
237 2073 390 2136 dicuntur
414 2070 573 2146 dolenter,
597 2081 670 2136 tum
696 2070 832 2136 adflicta
859 2081 893 2136 et
916 2081 1082 2154 prostrata
1107 2075 1210 2138 virtus
1241 2078 1433 2148 maxime15

184 2176 336 2242 luctuosa
351 2184 411 2240 est.

171 2345 175 2352 ,
228 2281 275 2345 Et
286 2289 324 2344 ut
339 2279 396 2344 illa
411 2278 515 2344 altera
530 2298 607 2360 pars
622 2277 788 2354 orationis,
806 2299 892 2360 quae
907 2279 1082 2362 probitatis
1098 2284 1388 2352 commendatione

183 2385 263 2448 boni
288 2385 347 2447 viri
373 2383 473 2448 debet
498 2384 643 2464 speciem
666 2385 760 2458 tueri,
784 2384 876 2459 lenis,
903 2393 940 2448 ut
966 2405 1065 2468 saepe
1088 2387 1154 2450 iam
1182 2387 1261 2461 dixi,
1285 2397 1387 2471 atque

183 2491 368 2564 summissa,
384 2489 430 2552 sic
445 2487 536 2562 haec,
553 2507 640 2568 quae
660 2486 835 2568 suscipitur
857 2487 900 2551 ab
923 2498 1055 2553 oratore
1071 2490 1114 2553 ad
1133 2494 1387 2556 commutandos

183 2595 312 2658 animos
327 2602 428 2675 atque
444 2591 535 2654 omni
558 2590 686 2653 ratione
708 2588 898 2666 flectendos,
915 2593 1043 2656 intenta
1061 2613 1100 2657 ac
1115 2593 1294 2658 vehemens
1315 2617 1386 2660 esse
1402 2621 1433 2657 20

119 2703 169 2769 53
183 2698 303 2774 debet3
326 2698 385 2760 sed
407 2704 457 2759 est
480 2695 645 2776 quaedam
667 2695 700 2756 in
717 2693 769 2756 his
793 2694 922 2758 duobus
937 2696 1123 2777 generibus
1146 2718 1287 2779 quorum
1303 2698 1386 2764 alte-

118 2807 169 2854 212
183 2823 255 2866 rum
278 2801 361 2879 lene,
379 2799 522 2864 alterum
541 2797 722 2860 vehemens
749 2798 1004 2875 essevolumus,
1033 2801 1173 2864 difficilis
1200 2801 1244 2865 ad
1269 2803 1385 2866 distin-

181 2906 351 2988 guendum
374 2900 578 2977 similitud03
610 2920 688 2964 nam
712 2909 746 2964 et
767 2900 888 2965 exilia
911 2901 1057 2978 lenitate,
1082 2924 1148 2985 qua
1171 2906 1386 2970 conciliamur

181 3010 237 3085 εἰς,
261 3010 317 3090 qui
340 3008 487 3081 audiunt,
518 3005 562 3068 ad
591 3004 678 3068 hanc
706 3005 774 3068 vim
805 3006 1007 3085 acerrimam,
1032 3027 1100 3089 qua
1131 3009 1269 3071 eosdem
1294 3012 1384 3074 exci-

216 3140 238 3176 1.
255 3136 321 3175 tanta
330 3127 372 3174 illa
384 3124 442 3173 KS:
458 3124 517 3171 tanti
527 3123 577 3170 ulla
589 3121 662 3171 codd.
676 3121 705 3171 P.
740 3133 851 3184 quantam
863 3123 1006 3170 insolentiam
1018 3122 1044 3172 S.
1078 3125 1385 3186 quantainsolentiucodd‚

181 3192 236 3242 KP.
375 3206 399 3254 4.
415 3206 473 3253 quae
490 3190 511 3235 si
530 3203 600 3252 quam
618 3188 722 3251 gloriam
738 3190 850 3251 peperisse
870 3189 994 3236 videantur
1010 3189 1036 3236 K
1048 3190 1117 3254 (post
1129 3189 1266 3253 Baiternm)
1278 3193 1303 3240 S.
1343 3211 1386 3256 que

181 3274 251 3321 quam
262 3257 364 3318 gloriam
375 3255 447 3304 codd.
460 3261 520 3302 mut.
565 3268 659 3315 eumque
675 3255 696 3299 si
712 3269 799 3316 quam.
815 3254 961 3301 ..videatur
971 3254 1041 3302 PAd.
1137 3267 1173 3305 ιο.
1191 3259 1300 3304 videatur
1310 3259 1384 3308 codd.

181 3330 242 3372 mut.
258 3321 308 3372 KS.
332 3322 494 3370 cssevideatur
505 3319 534 3368 P.
635 3331 673 3380 14.
691 3325 713 3366 et
725 3331 777 3366 cum
789 3319 886 3381 ABby:
903 3319 937 3368 K.
954 3321 988 3368 ita
1000 3335 1051 3368 cum
1062 3318 1087 3370 S.
1205 3330 1243 3384 17.
1260 3323 1292 3370 Et
1303 3326 1384 3374 utillo

181 3388 244 3439 PS.:
260 3394 380 3437 arautem
390 3386 436 3435 illa
447 3385 482 3436 K.
515 3383 596 3432 utilia
608 3383 699 3444 ABby.

214 3535 237 3570 1.
254 3526 387 3579 quantam
394 3520 589 3569 insolentiam:
606 3515 656 3564 this
665 3532 756 3566 eorrec-
839 3531 862 3581 9.
880 3520 1020 3567 exoatlens
1032 3520 1172 3578 opinione,
1186 3518 1282 3569 ‘which
1294 3520 1316 3570 is
1327 3537 1384 3587 sup·

180 3588 233 3637 tion
244 3587 274 3637 oi
281 3587 324 3636 the
335 3585 389 3636 MS.
402 3589 510 3650 ‘quanta
518 3582 662 3632 insolentia’
671 3583 755 3646 brings
806 3583 885 3646 posed
896 3589 923 3632 to
936 3584 966 3631 be
978 3597 1006 3631 so
1018 3583 1182 3646 preeminent:
1194 3585 1199 3603 ’
1213 3589 1225 3643 5
1241 3598 1295 3634 101.

180 3654 223 3702 the
244 3649 410 3702 construction
436 3651 490 3700 into
517 3648 667 3698 accordance
694 3647 755 3696 with
842 3661 879 3698 ιο.
897 3652 966 3707 Iam,
989 3648 1107 3712 ‘finally.'
1151 3648 1206 3698 The
1217 3649 1345 3701 definition
1357 3653 1386 3702 oi

180 3719 288 3768 Cicero’s
305 3717 428 3782 practice:
445 3732 485 3780 cp.
501 3715 575 3763 Tusc.
593 3713 626 3762 D.
639 3713 655 3762 i.
670 3723 707 3773 17.
724 3726 755 3776 39
805 3712 848 3762 the
855 3729 939 3762 source
946 3713 976 3762 of
981 3713 1035 3777 pity
1042 3713 1136 3778 closely
1143 3712 1383 3766 followsAristotle’s

181 3784 328 3832 ‘Platonem
345 3783 442 3831 ierunt.
467 3779 635 3829 ‚nonsolum
647 3778 754 3827 sensisse
806 3778 891 3840 (Rhet.
910 3779 937 3826 ii.
953 3778 981 3840 8)
1000 3777 1064 3827 loru
1079 3778 1109 3840 δὴ
1127 3777 1195 3828 ἔλεος
1210 3779 1275 3844 λύπη
1292 3800 1328 3831 τις
1344 3783 1383 3832 ἐπὶ

180 3849 247 3898 idem
269 3849 335 3911 quod
357 3847 533 3911 Pythagoram,
563 3843 606 3892 sed
633 3844 755 3892 rationem
805 3842 943 3906 φαινομένῳ
963 3846 1028 3906 κακῷ
1039 3847 1162 3908 φθαρτινῷ
1180 3844 1218 3894 καὶ
1230 3849 1382 3911 λνπηρῷτοῦ

179 3915 255 3964 etiam
275 3910 399 3962 attulisse‘
425 3911 497 3973 (with
520 3909 642 3957 Kiibner’s
664 3911 754 3967 notel3
805 3906 901 3969 ἀναξίου
917 3907 1056 3970 τυγχάνειν,
1073 3908 1087 3958 d
1103 3908 1150 3958 κᾶν
1166 3910 1381 3976 αὐτὸςπροσδονή-

179 3981 211 4028 de
230 3980 284 4028 Fin.
303 3979 336 4027 iv.
356 3991 394 4026 20.
413 3975 443 4039 56
463 3980 599 4038 ‘negatque
616 3975 753 4034 Platonem,
806 3990 871 4022 σειεν
882 3971 913 4022 ἅν
924 3975 1008 4022 παθεῖν
1019 3973 1035 4034 ἡ
1045 3975 1094 4022 τῶν
1103 3976 1178 4024 αὐτοῦ
1189 3994 1250 4026 τινα,

179 4047 200 4094 si
218 4045 317 4109 sapiens
335 4059 385 4092 non
404 4041 444 4101 sit,
463 4041 550 4091 eadem
569 4055 622 4090 esse
633 4040 659 4087 in
671 4054 753 4099 causa,
840 4053 877 4101 14.
895 4042 943 4100 ita,
957 4040 1222 4106 ‘inthisway,'i.e.ii
1230 4043 1273 4092 the
1284 4044 1383 4095 auditor

178 4127 227 4176 qua
239 4117 367 4174 tyrannum
379 4104 544 4171 Dionysium.¹
805 4104 925 4170 imagines
947 4121 964 4154 a
985 4106 1081 4156 similar
1102 4107 1152 4157 late
1175 4108 1298 4174 belalling
1318 4111 1382 4158 him·

213 4189 235 4227 r.
252 4180 289 4224 ad
299 4177 455 4224 sedandum
466 4178 568 4231 autem,
578 4185 612 4220 sc.
623 4169 755 4220 dicendum
805 4171 859 4221 seli.

177 4248 222 4292 est,
823 4249 861 4297 15.
872 4239 1175 4298 adnimaotprostrata
1184 4255 1231 4288 one
1239 4238 1380 4290 olCicero's

210 4322 234 4370 4.
251 4319 380 4364 eumque,
392 4306 418 4352 si
428 4316 530 4361 quam:
547 4301 598 4351 this
614 4315 693 4350 seems
710 4300 753 4350 the
803 4316 861 4366 very
872 4318 987 4352 common
998 4304 1065 4366 pairs
1077 4303 1106 4352 oi
1114 4319 1254 4368 synonyme.

176 4373 232 4421 best
242 4388 297 4436 way
314 4371 342 4421 of
356 4370 492 4433 correcting
508 4368 551 4417 the
566 4367 669 4431 reading
680 4365 709 4414 os
718 4372 752 4413 Αε
837 4376 875 4430 17.
885 4371 1035 4426 probitatis
1046 4373 1289 4419 commendatione
1299 4386 1305 4418 ε
1316 4371 1332 4420 i.
1343 4372 1380 4420 26.

180 4438 334 4499 ‘collataque
345 4451 419 4499 quam
429 4435 536 4500 gloriam
549 4470 555 4482 .
569 4471 574 4483 .
588 4432 733 4481 ‚videntun’
804 4445 858 4482 122.

212 4503 234 4550 8.
251 4507 426 4559 perpetuum,
444 4497 598 4557 ‘universal'
618 4497 751 4562 extending
836 4511 874 4547 ao.
886 4501 998 4546 intenta
1005 4498 1054 4546 and
1065 4501 1218 4548 vehemens
1230 4501 1378 4562 correspond

178 4583 237 4620 over
247 4567 282 4617 all
294 4567 398 4615 without
410 4565 486 4614 break
498 4581 526 4614 or
536 4565 674 4628 exception.
702 4563 750 4627 Cp.
800 4561 956 4625 chiastically
967 4570 994 4612 to
1005 4564 1062 4610 lenis
1073 4564 1123 4612 and
1133 4568 1254 4614 summissu
1267 4567 1293 4629 (ᾗ
1308 4569 1374 4628 105),

180 4639 192 4694 ᾖ
208 4645 251 4697 141
266 4637 422 4701 ‘perpetuum
434 4629 487 4681 ius!
800 4631 919 4689 intenta,
934 4625 1142 4694 ‘high-spirited!
