3310 5040
571 447 642 511 DE
678 446 812 512 ORAT
812 447 910 511 ORE
944 447 996 510 II.
1325 468 1384 528 241

187 643 298 704 nostra
328 638 521 703 confirmare
551 638 752 721 argumentis
779 659 818 703 ac
845 638 1045 716 rationibus;
1078 638 1199 703 deinde
1225 640 1389 704 contraria

188 743 348 821 refutare3
373 753 445 806 tum
472 753 585 806 autem
612 742 667 806 alii
694 743 936 807 conclusionem
959 744 1117 806 orationis
1141 753 1174 807 et
1196 745 1290 826 quasi
1315 764 1388 826 per·

187 849 370 911 orationem
383 846 567 924 conlocant,
579 847 634 911 alii
650 847 773 925 iubent,
789 856 969 929 antequam
980 857 1159 930 peroretur,
1174 848 1313 913 ornandi
1329 857 1388 911 aut

186 951 329 1033 augendi
345 971 444 1015 causa
464 951 602 1032 digredi,
617 951 736 1014 deinde
757 949 951 1014 concludere
966 972 1005 1015 ac
1026 971 1186 1032 perorare.
1231 952 1284 1014 Ne
1304 950 1387 1014 haec

139 1073 173 1118 81
187 1054 322 1135 quidem
344 1053 567 1136 reprehend03
591 1064 669 1117 sunt
692 1056 778 1118 enim
800 1056 958 1119 concinne
979 1056 1164 1132 distributa,
1187 1056 1246 1119 sed
1264 1065 1416 1134 tamen,⁵

187 1149 220 1221 id
242 1160 331 1241 quod
354 1179 487 1223 necesse
508 1158 569 1222 suit
591 1158 782 1222 hominibus
801 1161 993 1242 expertibus
1010 1161 1166 1238 veritatis,
1183 1180 1248 1223 non
1263 1161 1387 1241 perite:

187 1269 272 1343 quae
288 1263 375 1326 enim
392 1272 568 1345 praecepta
583 1264 816 1344 principiorum
832 1271 865 1326 et
881 1265 1104 1328 narrationum
1119 1258 1190 1326 esse
1205 1263 1387 1342 voluerunt,

136 1388 173 1432 ea
187 1387 227 1430 ea
249 1368 282 1429 in
306 1369 384 1431 totis
407 1367 611 1430 orationibus
634 1377 710 1430 sunt
732 1368 976 1445 conservanda;
1000 1388 1077 1432 narn
1101 1389 1163 1450 ego
1187 1367 1266 1430 mihi
1287 1369 1388 1431 bene-

186 1468 297 1534 volum
314 1472 456 1535 iudicem
467 1471 593 1535 facilius
606 1471 711 1535 lacere
726 1492 870 1553 possum,
885 1491 961 1534 cum
977 1493 1051 1536 sum
1067 1474 1102 1535 in
1112 1493 1207 1536 cursu
1220 1473 1387 1550 orationis,
1403 1453 1525 1574 pissas
1535 1491 1548 1511 ¹¹
1560 1496 1574 1524 ··
1589 1467 1629 1527 :1⁷

186 1595 288 1656 quam
300 1596 375 1638 curn
385 1577 496 1638 omnia
511 1586 587 1639 sunt
603 1576 770 1653 inaudita3
789 1575 931 1639 docilem
940 1586 1053 1640 autem
1065 1596 1132 1638 non
1144 1596 1219 1639 cum
1231 1576 1388 1658 polliceor
1403 1592 1433 1628 10
1493 1558 1508 1604 s

187 1699 241 1741 me
259 1680 570 1754 demonstraturum,
587 1680 645 1743 sed
663 1689 744 1755 tum,
759 1699 835 1742 curn
851 1680 956 1742 doceo
976 1689 1010 1743 et
1031 1679 1197 1762 explano;
1221 1688 1387 1743 attentum

186 1803 263 1846 vero
279 1783 392 1847 crebro
410 1793 482 1848 tota
498 1785 627 1848 actione
643 1784 829 1847 excitandis
850 1783 1017 1848 mentibus
1033 1784 1186 1860 iudicum,
1198 1804 1264 1846 non
1280 1785 1387 1866 prima

135 1904 172 1951 aa
186 1886 434 1951 denuntiatione
458 1888 584 1952 efficere
606 1867 833 1984 possumus)(
842 1887 915 1951 Iam
941 1908 1019 1950 vero
1049 1888 1268 1950 narrationem
1295 1890 1386 1970 quod

186 1990 299 2053 iubent
322 1993 389 2054 veri
412 1990 554 2054 similem
578 2012 650 2055 esse
676 2001 709 2055 et
735 1967 1114 2073 apertaffi'l‘h'mvem,
1136 2000 1223 2054 recte
1246 2011 1305 2054 nos
1328 1993 1388 2056 ad·

186 2103 341 2158 monent:
365 2095 455 2176 quod
471 2095 553 2158 haec
569 2096 763 2158 narrationis
781 2097 886 2176 magis
905 2103 1025 2176 putant
1045 2114 1118 2157 esse
1139 2096 1269 2177 propria
1284 2117 1385 2178 quam
1402 2115 1430 2166 ¹⁵

185 2198 287 2260 totius
305 2200 471 2276 orationis,
494 2198 592 2261 valde
615 2196 696 2260 mihi
717 2199 871 2261 videntur
893 2218 1019 2275 errare3
1042 2199 1244 2280 omninoque
1267 2201 1300 2262 in
1322 2200 1386 2265 hoc

185 2302 291 2363 omnis
314 2310 363 2364 est
386 2321 482 2379 error,
504 2302 594 2384 quod
617 2303 812 2367 existimant
834 2323 855 2365 a
886 2301 1008 2383 {helym
1032 2323 1103 2365 esse
1128 2301 1192 2366 hoc
1215 2304 1386 2386 quoddam

186 2424 252 2466 non
267 2405 426 2468 dissimile
447 2415 636 2480 ceterorum,
654 2407 745 2469 cuius

1402 919 1522 982 silem
1551 925 1623 980 ,irs

1593 969 1629 1022 sl

1399 2359 1486 2438 [Ilia

849 2406 922 2469 ide
944 2407 1017 2488 ipso
1035 2407 1103 2469 iure
1126 2406 1211 2471 civili
1232 2406 1386 2474 hesterno
1411 2397 1464 2477 rii
1486 2409 1506 2474 ς’.
1542 2441 1548 2464 o

212 2509 218 2522 ,
491 2513 493 2520 .
515 2469 629 2525 nir-u
641 2471 676 2514 τι(

185 2508 240 2571 dre
264 2507 400 2573 Crassus
423 2530 461 2574 co
498 2531 576 2593 ponr
602 2530 700 2592 posse

724 2495 876 2574 dicebat:
899 2518 936 2573 ut
962 2530 1082 2591 genera
1108 2531 1215 2574 rerum
1240 2515 1385 2595 primurn

185 2623 438 2694 exponerentur,
453 2616 487 2678 in
507 2635 573 2697 quo
588 2615 704 2678 vitium
724 2625 783 2693 est,
799 2603 826 2678 si
849 2635 953 2696 genus
968 2614 1072 2678 ullum
1093 2620 1384 2698 praetermittitur3
1401 2631 1442 2701 ²0,
1509 2691 1512 2700 ,

1404 2717 1411 2732 4

184 2717 304 2780 deinde
330 2719 532 2830 s'qngulqrqrp
556 2728 667 2817 partes
692 2739 859 2801 generum,
885 2719 919 2781 in
945 2740 1012 2802 quo
1038 2730 1073 2784 et
1098 2721 1214 2784 deesse
1238 2721 1427 2804 aliquamve·
1453 2733 1525 2766 te..
1548 2707 1564 2782 ,ἶ
1648 2731 1649 2736 ’

183 2839 186 2845 ’
217 2834 241 2883 6,
254 2838 283 2883 ab
293 2813 420 2885 hominibus
432 2839 480 2887 K:
498 2837 527 2885 ab
539 2854 588 2888 om.
601 2838 681 2887 Codd.
691 2854 777 2888 omnes
788 2843 886 2903 praeter
897 2838 925 2886 B.
979 2853 1017 2888 η.
1029 2841 1156 2888 excitandis
1167 2843 1408 2907 mentibusiudicump

183 2900 241 2951 incl.
254 2902 287 2950 K.
356 2917 394 2964 13.
411 2905 499 2968 efficm
507 2913 628 2968 possumus
640 2903 698 2952 incl.
710 2905 743 2953 K.
820 2917 858 2954 20.
873 2906 1065 2967 praemittitur
1076 2906 1145 2968 Abp.
1158 2907 1236 2956 PKS:
1256 2907 1385 2971 legebatur

181 2969 382 3029 praetemrtittetur.

183 3081 240 3115 curn
252 3066 406 3123 adversariis,
414 3073 438 3116 et
450 3068 470 3116 si
482 3083 518 3126 ea,
531 3084 594 3133 quae
606 3069 678 3118 utilia
685 3069 758 3119 nobis

183 3138 256 3180 erunt
279 3133 434 3188 convenient,
457 3133 517 3196 quid
538 3135 564 3183 in
591 3135 758 3183 controversia

181 3197 256 3246 nobis
271 3197 423 3261 relinquatur
438 3198 491 3260 [the
504 3200 650 3264 propositio],
668 3200 759 3250 deinde

182 3278 241 3311 cum
253 3262 303 3312 hoc
319 3263 457 3318 fecerimus,
472 3263 647 3314 distributione
664 3266 700 3314 uti
718 3265 759 3314 de·

181 3330 286 3388 bemus;
315 3344 345 3377 ea
371 3329 491 3378 dividitur
519 3331 545 3378 in
575 3331 638 3380 duas
667 3338 758 3396 partes,

181 3393 392 3444 enumerationem
402 3401 426 3444 et
438 3397 625 3460 expositionem,
632 3412 760 3446 enumera·

182 3461 249 3508 tione
262 3468 367 3520 utemur,
381 3477 437 3509 curn
455 3461 566 3511 dicemus
582 3478 686 3512 numero
697 3469 759 3528 quot

181 3526 213 3574 de
220 3526 293 3574 rebus
301 3526 391 3574 dicturi
400 3527 640 3593 sumus-expositio
647 3535 691 3586 est,
702 3544 758 3577 cum

182 3606 221 3640 res
237 3591 327 3656 quibus
346 3591 377 3640 de
399 3592 473 3641 rebus
489 3594 579 3643 dicturi
603 3609 695 3651 sumus,
718 3611 758 3644 ex·

182 3657 298 3721 ponimus
317 3657 423 3706 breviter
441 3665 465 3707 et
485 3659 616 3710 absolute!
649 3660 705 3710 The
723 3662 758 3708 dl·

181 3724 240 3770 vr'sio
251 3722 372 3772 therefore
383 3723 494 3773 includes
505 3727 547 3774 the
556 3727 696 3787 propositio:
713 3726 759 3774 hut

183 3786 226 3836 the
248 3787 323 3837 latter
342 3797 399 3852 part
427 3789 509 3853 might
531 3791 563 3839 be
586 3790 646 3839 used
668 3791 758 3840 alone:

182 3853 259 3903 hence
277 3853 366 3903 Cicero
382 3869 447 3916 says,
465 3864 521 3902 ‘aut
536 3856 704 3920 proponere;'
720 3857 756 3903 vel

182 3918 266 3967 would
278 3918 341 3968 have
357 3919 431 3983 given
446 3920 515 3984 quite
530 3937 545 3968 a
559 3920 671 3970 different
682 3920 758 3972 force.

182 3984 234 4032 For
265 3982 431 4049 ‘proponere'
467 4001 505 4035 we
550 3985 614 4035 have
642 3995 758 4036 ‘causam

182 4051 287 4115 ponere·
306 4050 332 4099 in
354 4054 366 4108 ξ
390 4064 446 4112 531.
489 4052 535 4116 Cp.
557 4051 708 4109 Volkmann,
731 4069 755 4118 p.

184 4129 229 4177 13²
242 4115 278 4171 ff.;
296 4115 391 4166 Introd.
401 4132 426 4180 p.
438 4128 478 4180 54.

180 4215 183 4222 .
214 4197 238 4244 4.
257 4185 388 4240 eugenni,
402 4182 552 4247 ‘expansion
562 4180 586 4231 :'
602 4198 641 4247 cp.
657 4183 688 4233 de
701 4184 755 4234 Inv.

181 4247 197 4294 i.
229 4260 269 4310 51.
299 4261 330 4311 97
362 4249 550 4313 ‘Hermagoras
579 4249 756 4313 digressionem

180 4312 278 4368 deinde,
313 4319 366 4361 turn
394 4321 547 4378 postremam
572 4315 756 4364 conclusionem

181 4377 252 4442 ponit
265 4415 271 4427 .
285 4415 291 4427 .
305 4414 311 4425 .
323 4393 353 4426 ex
364 4394 413 4442 qua
430 4379 545 4429 conficiat
558 4381 654 4445 aliquid
668 4381 757 4430 confir·

181 4443 298 4492 metionis
321 4451 364 4492 aut
388 4445 594 4508 reprehensionis,
611 4462 664 4495 non
684 4462 757 4510 argu-

180 4509 324 4564 mentando,
349 4510 392 4558 sed
420 4510 534 4574 augendo
561 4513 605 4575 per
632 4513 756 4576 quandam

180 4573 402 4637 amplificationem
413 4610 419 4622 .
432 4612 437 4624 .
450 4612 455 4624 .
470 4613 475 4625 .
489 4575 561 4624 nohis
588 4592 640 4625 non
661 4577 756 4643 placuit

180 4641 245 4689 hanc
256 4639 367 4705 partium
377 4640 403 4690 in
413 4656 544 4692 numerum
554 4642 629 4705 poni?

844 3082 866 3132 5.
884 3073 1029 3129 oonoinne,
1046 3067 1156 3133 ‘neatly.'

842 3133 867 3185 6.
883 3139 980 3194 perite,
994 3134 1068 3182 ‘with
1080 3135 1198 3199 practical
1210 3135 1286 3187 skill’

843 3201 866 3250 8.
884 3203 1085 3258 conservanda,
1110 3202 1245 3252 ‘observed
1266 3203 1386 3269 through·

809 3264 871 3316 out!

845 3346 883 3381 ra.
893 3335 1057 3394 exaltandis,
1070 3333 1086 3383 i.
1096 3349 1121 3382 e.
1130 3333 1233 3399 rousing
1244 3335 1309 3385 from
1320 3336 1386 3386 their

808 3398 967 3448 inattention.

844 3478 881 3526 13.
894 3467 1082 3522 denuntiatio,
1091 3469 1097 3491 ‘
1107 3465 1229 3528 promise,’
1236 3474 1281 3515 not
1289 3467 1386 3518 limited

809 3535 837 3580 to
854 3546 870 3578 a
887 3531 968 3580 threat
985 3531 1014 3579 of
1028 3531 1084 3586 evil,
1101 3531 1198 3593 though
1219 3533 1294 3581 much
1316 3549 1386 3584 more

810 3611 927 3645 common
938 3597 963 3645 in
980 3596 1030 3645 this
1044 3611 1128 3644 sense:
1146 3596 1241 3660 strictly
1253 3604 1259 3623 ¹
1269 3613 1286 3646 a
1296 3598 1386 3648 formal

809 3661 892 3709 notice
901 3660 923 3718 ;’
942 3677 982 3710 see
994 3661 1032 3709 LS
1044 3660 1122 3708 under
1133 3662 1248 3712 denuntio.

842 3729 905 3775 Iam
937 3742 1013 3784 vero,
1043 3725 1120 3775 ‘then
1151 3725 1240 3789 again.¹
1290 3728 1386 3780 Sorol’s

809 3790 953 3840 distinction
976 3791 1031 3841 that
1055 3792 1104 3839 ium
1126 3791 1268 3844 introduces
1290 3812 1305 3843 a
1328 3796 1386 3845 sul>

809 3857 921 3912 division,
932 3875 993 3906 nunc
1004 3874 1020 3906 a
1031 3857 1098 3906 main
1110 3857 1224 3917 division,
1239 3859 1291 3909 will
1301 3862 1385 3912 nothe

808 3921 886 3971 found
898 3929 925 3972 to
936 3922 998 3972 hold
1009 3923 1078 3987 good
1085 3921 1187 3988 always.
1222 3925 1269 3990 Cp.
1281 3926 1347 3975 Phil.
1359 3927 1384 3980 ii.

809 4001 892 4053 3.19;
910 3989 941 4038 de
953 3989 1001 4038 Oll.
1013 3989 1038 4039 ii.
1051 4002 1074 4050 3.
1089 4002 1126 4051 13·

808 4055 1385 4184 dcixiddirilvirhlrpoiipdrqlhreiolddiehdiiepliridi

805 4184 1000 4299 ἶῗοοιμιάζεσθαι
1023 4186 1124 4249 μακρῶς,
1149 4187 1205 4237 οὐδὲ
1228 4187 1271 4240 τὰς
1293 4188 1385 4241 πίστεις

856 4268 898 4301 ξίν.

837 4267 880 4366 i8.
899 4321 1032 4368 hesterno
1044 4321 1104 4367 die:
1122 4318 1139 4365 i.
1151 4333 1191 4379 4²·
1206 4333 1260 4384 190.

842 4396 880 4431 πο.
898 4391 1114 4441 exponerentur,
1126 4384 1280 4434 assimilated
1292 4390 1319 4432 to
1331 4384 1383 4433 ‘di·

807 4446 896 4507 cebat‚·’
906 4449 1016 4498 whereas
1027 4451 1086 4498 ‘est’
1097 4448 1382 4512 and‘praetermittitur'

807 4529 850 4562 ere
862 4513 904 4562 the
916 4514 994 4563 direct
1006 4513 1093 4579 speech
1107 4513 1136 4562 ol
1144 4514 1276 4564 Antonius.

808 4643 819 4705 (
842 4585 1001 4708 21.)pa:ser,
1020 4576 1157 4642 'speciesr'
1184 4594 1222 4645 cp.
1238 4579 1255 4630 i.
1275 4594 1316 4645 4²·
1337 4580 1382 4648 189

820 4650 899 4693 note.

1411 2801 1419 2846 l

1424 2837 1587 2882 firmant·

1447 2913 1486 2941 ,Γ

1393 3023 1427 3080 t.

1394 2916 1551 3120 lirsps
