3310 5040
568 409 639 473 DE
670 409 765 476 ORA
775 411 905 476 TORE
933 412 984 478 ιι.
1315 430 1378 501 235

1116 547 1148 630 rs

177 595 240 661 hac
270 598 429 662 societate
459 597 553 675 civili,
580 599 614 663 in
640 621 737 664 sensu
764 599 907 664 hominis
933 602 1108 695 communi,
1122 604 1168 703 (in
1193 615 1318 684 natura,
1345 607 1379 670 in

178 693 665 801 moribus,Jcomprehendenda
686 725 757 768 esse
776 705 898 770 oratori
918 714 1019 788 put03
1043 707 1069 770 si
1092 704 1209 787 minus,
1225 718 1262 773 ut
1282 731 1378 794 sepa·

178 807 275 872 ratim
291 808 334 871 de
355 805 407 870 his
429 808 526 871 rebus
548 807 821 890 philosophorum
844 829 935 872 more
953 811 1160 891 respondeat,
1175 821 1210 875 at
1229 821 1326 891 certe,
1341 826 1378 879 ut
1466 855 1497 884 ,.
1541 823 1553 873 Γ,

177 910 211 974 in
226 931 324 975 causa
339 912 518 993 prudenter
533 912 637 994 possit
653 912 821 990 intexere3
844 911 934 976 hisce
949 922 1060 977 autem
1076 915 1213 1007 ipsishde
1227 917 1326 998 rebus
1341 929 1377 982 ut
1398 883 1519 982 dacin
1536 896 1619 963 Μ

176 1014 223 1079 ita
239 1015 402 1097 loquatur,
417 1015 465 1079 uti
481 1017 519 1094 ei,
534 1017 593 1098 qui
605 1016 685 1094 iura,
699 1017 757 1098 qui
772 1015 873 1097 leges,
889 1015 945 1099 qui
961 1016 1111 1081 civitates
1127 1001 1376 1102 dons'ti'tdeiunt,
1391 1048 1404 1096 5
1418 973 1617 1129 ζίυΙωΜᾸ

176 1117 277 1182 locuti
292 1128 377 1197 sunt,
393 1119 586 1202 simpliciter
600 1128 633 1183 et
648 1119 829 1202 splendide,
848 1120 918 1183 sine
932 1119 1375 1218 pllasessedisputatmnum
1423 1089 1634 1232 '‘Zpffl‘ff

56 1233 58 1240 ⁴
124 1235 163 1281 oo
177 1231 210 1286 et
236 1223 307 1287 sine
335 1223 443 1288 ieiuna
469 1225 713 1289 concertatione
736 1225 920 1289 verborum.
977 1224 1155 1328 HQ
1177 1247 1219 1290 ne
1243 1230 1377 1310 quasit
1414 1222 1541 1316 imis
1561 1237 1585 1302 ,i

175 1327 359 1407 admiratio,
377 1330 403 1392 si
422 1336 473 1392 tot
495 1337 731 1412 tantarumque
753 1349 861 1393 rerum
884 1327 975 1392 nulla
996 1349 1017 1392 a
1041 1349 1094 1392 me
1118 1340 1295 1413 praecepta
1316 1353 1376 1415 po·
1416 1361 1616 1430 myas„

174 1439 302 1510 nentur,
313 1432 359 1496 sic
375 1440 504 1496 statuo:
529 1441 566 1497 ut
582 1434 615 1497 in
631 1433 747 1498 ceteris
762 1433 896 1510 artibus,
908 1453 983 1496 cum
999 1435 1121 1498 tradita
1136 1435 1203 1498 sint
1218 1437 1376 1518 cuiusque
1434 1427 1617 1536 Aeirnrt'g

172 1537 253 1600 artis
271 1537 471 1612 difficillima,
487 1537 621 1620 reliqua,
635 1538 714 1620 quia
733 1547 792 1602 aut
815 1537 960 1602 faciliora
977 1547 1035 1602 aut
1055 1538 1175 1602 similia
1197 1540 1271 1617 sint,
1288 1540 1374 1604 tradi
1392 1540 1436 1606 ff
1450 1541 1510 1614 ’ἢῆ
1543 1547 1551 1562 '¹
1562 1553 1574 1570 ²
1585 1553 1589 1572 '

172 1660 239 1703 non
255 1660 387 1706 necesse
399 1661 490 1719 esse;
514 1650 551 1705 ut
569 1643 602 1704 in
618 1642 754 1723 pictura,
777 1643 833 1724 qui
855 1641 999 1705 hominis
1020 1641 1116 1705 unius
1136 1644 1282 1725 speciem
1301 1644 1374 1726 pin·
1470 1686 1495 1706 .·
1550 1645 1611 1702 ·‘⁴=.'

170 1763 249 1826 gere
278 1744 496 1827 perdidicerih,
527 1767 624 1829 posse
655 1767 731 1810 eum
761 1746 903 1810 cuiusvis
932 1744 985 1808 vel
1016 1745 1142 1809 formae
1167 1747 1220 1810 vel
1246 1751 1373 1827 aetatis
1447 1748 1462 1783 ³·
1498 1767 1501 1792 ³
1608 1789 1612 1797 ι

171 1849 300 1913 etiamsi
320 1871 385 1914 non
407 1850 566 1928 didicerit,
581 1851 717 1936 pingere
737 1870 845 1932 neque
865 1869 937 1913 esse
958 1848 1149 1931 periculum,
1166 1851 1222 1932 qui
1243 1849 1374 1915 leonem
1421 1848 1445 1896 Γ
1469 1829 1531 1914 Ῐιῖ.
1547 1901 1555 1927 ,
1572 1853 1589 1929 ζ,
1611 1913 1629 1942 Ι,

170 1961 228 2016 aut
243 1961 373 2016 taurum
389 1955 504 2037 pingat
521 1945 661 2038 egregie,
674 1975 715 2018 ne
731 1953 820 2018 idem
836 1953 870 2016 in
887 1953 999 2016 multis
1014 1952 1087 2016 aliis
1102 1954 1373 2036 quadrupedibus
1437 1946 1442 1965 ²

168 2053 276 2120 facere
291 2078 357 2122 non
373 2059 631 2140 possit-neque
646 2068 696 2122 est
710 2057 847 2121 omnino
862 2077 914 2120 ars
929 2055 1006 2131 ulla,
1023 2057 1056 2120 in
1072 2078 1139 2141 qua
1154 2059 1275 2134 omnia,
1288 2080 1374 2142 quae
1390 2091 1418 2141 15

168 2158 227 2223 illa
247 2170 318 2225 arte
335 2162 418 2224 effici
439 2161 573 2244 possint,
589 2183 609 2226 a
630 2161 766 2225 doctore
787 2162 970 2239 tradantur,
986 2162 1044 2226 sed
1063 2161 1120 2244 qui
1141 2163 1320 2244 primarum
1339 2175 1373 2228 et

167 2274 333 2329 certarum
349 2285 457 2328 rernm
472 2265 682 2361 generajpsa
695 2265 890 2342 didicerunt,
902 2263 1029 2347 reliqua
1046 2261 1128 2351 [non
1144 2263 1371 2353 incommode]

117 2388 153 2437 ιο
167 2389 228 2452 per
253 2389 289 2432 se
313 2363 894 2535 adseflufflrtur-similiterQ
916 2368 949 2430 in
973 2368 1037 2432 hac
1061 2370 1130 2433 sive
1154 2369 1281 2444 ratione
1304 2373 1373 2434 sive

46 2483 47 2488 ’
167 2472 405 2538 exercitatione
421 2472 561 2548 dicendi,
575 2473 631 2554 qni
648 2472 738 2566 Qu
753 2473 821 2535 vim
837 2493 857 2536 a
882 2481 978 2554 eptus
994 2472 1045 2550 sit,
1061 2480 1226 2537 uteorum
1243 2475 1372 2552 mentis,

167 2577 225 2660 qui
240 2585 298 2640 aut
313 2576 356 2639 de
376 2596 410 2639 re
425 2575 558 2658 publica
578 2585 637 2640 aut
652 2578 695 2639 de
713 2578 815 2659 ipsius
830 2577 927 2640 rebus
941 2585 1000 2640 aut
1021 2576 1064 2640 de
1084 2577 1140 2647 eis,
1158 2586 1272 2641 contra
1287 2599 1372 2661 quos
1387 2613 1418 2649 20

165 2689 225 2745 aut
241 2701 299 2762 pro
315 2679 435 2763 quibus
450 2680 548 2755 dicat,
565 2700 641 2744 cum
662 2680 773 2762 aliqua
791 2682 959 2744 statuendi
975 2690 1142 2763 potestate
1164 2682 1312 2762 audiant,
1327 2684 1370 2747 ad

167 2804 264 2848 suurn
289 2783 460 2848 arbitrium
487 2804 619 2847 movere
645 2786 760 2867 possit,
785 2785 879 2848 illum
901 2786 944 2849 de
968 2794 1041 2850 toto
1067 2785 1124 2848 illo
1149 2806 1270 2868 genere
1297 2786 1371 2850 reli·
1387 2780 1406 2849 .’
1423 2791 1444 2805 ''

166 2908 306 2971 quarum
321 2887 506 2951 orationum
529 2908 595 2951 non
613 2888 688 2970 plus
709 2889 935 2971 quaesiturum
952 2910 1031 2968 esse,
1050 2889 1129 2972 quid
1151 2889 1248 2967 dicat,
1269 2911 1370 2972 quam
1459 2876 1464 2884 ¹

166 2991 367 3075 Polyclitum
398 2991 500 3069 illum,
529 3012 604 3056 cum
636 2992 816 3057 Herculem
847 2992 1002 3076 fingebat,
1030 3013 1131 3076 quem
1157 2993 1201 3056 ad
1232 2995 1369 3058 modum

200 3133 224 3184 5.
242 3121 281 3184 qui
291 3121 358 3170 iura:
376 3135 427 3168 om.
439 3121 472 3168 A.
556 3133 594 3168 11.
607 3120 705 3168 homnis
715 3121 784 3168 nnius
796 3119 862 3169 KSe
874 3120 937 3170 coni.
947 3119 1066 3169 hominum
1075 3119 1147 3170 codd.
1157 3125 1220 3170 mut.
1231 3121 1329 3169 londnis
1341 3122 1369 3171 P.

168 3197 208 3250 17.
219 3203 265 3234 non
277 3188 425 3246 incommode,
438 3201 489 3237 om.
501 3185 583 3248 ABbey
594 3185 641 3249 Lg.
656 3198 694 3248 13,
707 3199 747 3248 32·
805 3188 843 3236 18.
852 3195 897 3250 per
906 3201 929 3234 se
939 3186 1092 3251 adsequentur
1103 3185 1173 3236 PK.:
1187 3195 1206 3248 p
1219 3221 1225 3234 .
1238 3222 1244 3236 .
1256 3223 1263 3238 .
1276 3197 1316 3236 tur
1326 3189 1370 3250 Ay

161 3263 206 3315 per
217 3269 240 3301 se
256 3254 413 3316 adsequuntur
424 3251 450 3302 S.

201 3375 224 3410 1.
236 3373 323 3410 sensu
329 3361 484 3410 communi:
496 3358 621 3423 cp.i.4.13
631 3358 724 3420 (note).
820 3359 891 3424 [non
902 3359 1090 3423 incommode]
1104 3357 1211 3410 omitted
1219 3359 1253 3424 by
1260 3375 1334 3426 many
1343 3363 1372 3411 of

201 3440 223 3476 a.
242 3428 507 3482 comprehendenda
517 3439 588 3484 osae,
604 3433 610 3451 ¹
620 3425 700 3490 ought
714 3431 741 3476 to
791 3424 834 3476 the
846 3426 928 3474 better
939 3424 1011 3475 MSS.
1023 3425 1075 3474 and
1086 3441 1101 3475 a
1112 3425 1223 3476 needless
1235 3425 1369 3476 addition.v

141 3491 144 3501 ’
164 3493 196 3542 be
208 3491 361 3554 thoroughly
372 3490 511 3540 mastered.'
827 3493 864 3542 18.
883 3493 1052 3540 sivo-sive:
1072 3507 1111 3555 cp.
1129 3497 1142 3549 §
1160 3506 1191 3556 29
1207 3490 1275 3541 ‘sive
1292 3492 1367 3541 artifi·

203 3570 226 3620 5.
238 3561 309 3617 iure,
323 3556 402 3621 ‘legal
414 3553 572 3621 principlcs5'
583 3558 669 3618 loges,
681 3562 743 3607 ‘stro
791 3556 858 3606 cium
870 3557 921 3605 sive
932 3555 1041 3605 studium
1052 3556 1168 3606 dicendi!

164 3623 246 3673 tutes!
826 3635 864 3671 21.
882 3636 947 3671 oum
957 3624 1052 3678 aliqua
1062 3623 1208 3670 statuendi
1218 3626 1368 3680 potestate,

194 3689 219 3737 6.
237 3691 396 3748 splendide,
421 3684 545 3752 ‘clearly'
573 3689 599 3738 in
627 3704 643 3738 a
665 3687 739 3748 fresh,
791 3687 932 3750 equivalent
944 3692 971 3734 to
984 3686 1114 3735 ‘dominus
1125 3684 1175 3743 rei,'
1186 3686 1238 3747 in§
1254 3697 1291 3748 γι.

166 3755 288 3818 rigorous
316 3769 426 3810 manner,
454 3753 567 3818 opposed
597 3758 625 3802 to
651 3753 741 3802 barren
826 3751 1367 3812 23.quaesiturumesse,‘willbeataloss.’

166 3819 411 3884 verbalquibblings.
431 3819 530 3867 Ernesti
542 3819 638 3880 (lexic.
646 3818 740 3868 Techn.
827 3830 864 3882 ²4·
881 3821 1069 3874 Polyclitum:
1084 3817 1105 3866 it
1112 3817 1133 3865 is
1140 3832 1209 3867 more
1217 3832 1332 3869 common
1340 3826 1367 3870 to

166 3901 191 3950 p.
204 3884 263 3951 ³⁶9)
276 3886 296 3933 is
308 3891 353 3934 not
368 3883 477 3934 satisfied
492 3882 554 3932 with
569 3883 612 3933 the
624 3885 742 3947 meaning
791 3883 927 3948 reproduce
939 3883 981 3932 the
994 3881 1076 3932 Greek
1089 3899 1108 3930 ει
1120 3883 1155 3947 by
1166 3884 1175 3931 i
1185 3882 1271 3934 before
1279 3900 1366 3935 conso·

166 3949 262 4008 ‘clean'
275 3951 326 4000 and
340 3950 434 4014 prefers
446 3955 473 3997 to
485 3949 603 4014 interpret
614 3950 634 3998 it
646 3949 674 3998 of
684 3957 741 3998 'un·
791 3955 863 3998 nants
874 3952 914 4009 (as
926 3948 1016 4008 Clitus,
1028 3948 1155 4009 Euclides,
1167 3950 1227 4007 etc.)
1241 3950 1291 3999 and
1306 3966 1334 4000 so
1346 3951 1367 4002 it

166 4018 293 4080 assuming
304 4015 402 4080 dignity
413 4014 442 4064 of
449 4011 606 4078 expression!
791 4014 812 4062 is
819 4015 918 4064 written
930 4015 955 4062 in
965 4015 990 4062 A
997 4014 1046 4064 and
1058 4022 1124 4064 most
1135 4015 1207 4065 other
1218 4015 1290 4066 MSS.
1298 4016 1365 4069 here.

198 4099 223 4149 9.
240 4084 346 4131 tradita
368 4085 441 4130 sint:
466 4095 495 4129 so
512 4080 556 4130 the
573 4081 628 4129 best
649 4079 741 4140 MSS.;
791 4079 874 4130 There
890 4081 912 4129 is
928 4095 997 4130 some
1010 4080 1137 4144 authority
1147 4081 1187 4130 for
1197 4082 1326 4140 Polycletus
1341 4083 1367 4133 in

165 4148 208 4198 the
219 4146 261 4196 old
273 4147 378 4211 reading
390 4154 444 4194 mut
460 4146 482 4194 is
498 4153 543 4196 not
560 4161 589 4196 so
601 4146 677 4211 good,
690 4147 741 4196 and
790 4145 887 4205 Cicero,
901 4145 951 4195 and
963 4146 983 4194 it
994 4146 1015 4195 is
1027 4145 1105 4196 found
1117 4162 1150 4195 on
1161 4162 1193 4196 an
1210 4146 1365 4212 inscription,

164 4213 209 4264 has
220 4212 267 4262 less
278 4213 412 4276 authority.
790 4211 868 4261 Orell.
877 4225 949 4275 3²45·
958 4212 1004 4262 bnt
1013 4212 1124 4272 Kiihner,
1135 4211 1151 4262 i.
1163 4228 1187 4277 p.
1198 4213 1237 4276 58,
1249 4213 1270 4263 is
1277 4213 1366 4278 hardly

200 4294 236 4328 ιι.
253 4293 367 4328 neeesse
376 4292 447 4336 esse,
455 4292 489 4327 sc.
499 4277 623 4327 arbitrorr
640 4276 709 4328 there
718 4278 740 4327 is
790 4283 885 4328 correct
896 4277 922 4326 in
933 4277 1021 4341 saying
1031 4277 1086 4326 that
1099 4278 1120 4326 it
1132 4278 1153 4327 is
1164 4277 1207 4328 the
1218 4293 1287 4328 more
1298 4294 1365 4328 com·

166 4359 198 4393 no
210 4345 272 4394 need
285 4345 324 4394 for
334 4343 377 4393 the
388 4343 572 4407 changetoest,
583 4343 694 4408 adopted
705 4345 739 4408 by
789 4358 849 4392 mon
872 4343 945 4392 form.
989 4343 1079 4393 Cioero
1106 4344 1230 4393 mentions
1258 4344 1310 4392 him
1338 4344 1364 4391 in

71 4412 73 4418 '
165 4423 234 4462 some
247 4410 342 4460 editors
355 4425 389 4458 on
406 4408 448 4458 the
464 4409 610 4473 suggestion
625 4409 655 4458 of
665 4409 738 4458 Lam·
789 4423 862 4458 seven
879 4409 952 4459 other
967 4408 1058 4474 places,
1076 4409 1126 4456 and
1142 4409 1185 4458 the
1201 4410 1256 4458 best
1271 4409 1365 4457 editors

164 4475 245 4525 binus.
278 4473 387 4526 Sowith
398 4475 727 4532 posseandnoqueesse.
788 4473 883 4538 always
894 4475 952 4539 give
963 4475 1047 4533 -clirus,
1059 4472 1155 4536 though
1168 4474 1210 4522 the
1222 4473 1364 4526 MSS.,con-

200 4541 237 4591 16.
253 4543 416 4600 primarum,
429 4540 487 4589 ‘the
498 4547 564 4590 most
575 4537 728 4605 important!
789 4540 882 4604 stantly
893 4555 961 4602 vary.
996 4539 1044 4604 Cp.
1056 4538 1161 4600 Madvig
1173 4553 1205 4586 on
1221 4537 1253 4587 de
1265 4538 1321 4586 Fin.
1334 4538 1361 4589 ii.

199 4617 237 4672 ιγ.
254 4620 359 4668 genere
374 4609 447 4664 ipsa,
465 4605 523 4656 ‘the
539 4605 641 4671 general
651 4602 738 4672 types!
788 4618 904 4670 ³41155
921 4605 1012 4669 Zumpt
1024 4620 1057 4654 on
1069 4602 1265 4666 Verr.iv.5.1t;
1282 4605 1363 4655 Acad.

732 4702 792 4754 Ra
