3310 5040
262 416 328 494 246
586 413 640 476 M.
667 412 699 476 T
703 411 842 565 ULfII
870 410 1135 478 CICERONIS

618 521 681 610 ᾖ(
689 495 823 610 deff]

261 603 300 669 C.
322 602 497 681 Fimbriae,
516 610 737 687 quast-„amen
762 600 879 666 habuit
900 601 963 680 ille,
986 623 1052 666 non
1075 603 1275 685 adsequitur,
1299 606 1364 668 oris
1387 626 1461 688 pra-

259 708 399 771 vitatem
421 715 455 770 et
477 706 650 770 verborum
674 705 883 769 latitudinem
906 707 1073 782 imitatur;
1096 708 1155 771 sed
1180 717 1294 771 tamen
1320 708 1376 772 ille
1402 730 1462 773 nec

260 810 405 893 deligere
420 811 520 896 scivit,
536 811 627 874 cuius
643 809 852 892 potissimum
867 810 982 873 similis
996 820 1092 889 esset,
1108 821 1142 874 et
1157 812 1190 873 in
1207 833 1247 875 eo
1263 812 1344 893 ipso,
1360 833 1460 894 quem

261 915 439 996 delegerat,
464 915 582 977 imitari
610 914 712 977 etiam
737 915 818 977 vitia
841 914 967 991 voluit;
998 915 1054 996 qui
1079 924 1192 978 autem
1218 917 1265 978 ita
1290 915 1397 994 saciet,
1424 925 1512 980 uter

232 1028 401 1101 soportet,
417 1020 559 1101 primum
574 1017 688 1101 vigilet
709 1039 842 1082 necesse
862 1029 912 1082 est
934 1021 968 1082 in
988 1018 1186 1101 deligend03
1209 1020 1336 1094 deinde,
1361 1040 1460 1102 quem

261 1122 416 1205 probarit,
439 1123 471 1184 in
495 1144 544 1201 eo,
567 1142 653 1203 quae
677 1123 824 1186 maxime
852 1123 1026 1200 excellent,
1049 1143 1089 1186 ea
1113 1122 1364 1206 diligentissime
1388 1144 1462 1206 per-

261 1204 450 1332 sequatur.)
464 1226 554 1310 Quid
571 1227 658 1289 enim
674 1246 794 1291 causae
810 1227 950 1290 censetis
969 1247 1049 1304 esse,
1065 1247 1122 1290 cur
1137 1236 1263 1291 aetates
1280 1226 1461 1291 extulerint

34 1393 42 1410 ,
92 1318 171 1395 'loe
211 1383 223 1450 ι
261 1330 409 1411 singulae
430 1330 558 1424 singula
579 1351 683 1415 pproe
705 1350 828 1412 genera
846 1327 999 1394 dicendi?
1026 1330 1116 1412 quod
1141 1352 1206 1393 non
1227 1340 1298 1394 tam
1316 1331 1412 1395 facile
1427 1331 1460 1393 in

44 1459 57 1500 a
102 1421 242 1524 ²⁹:722.
262 1435 381 1498 nostris
410 1435 595 1515 oratoribus
623 1454 799 1516 possumus
829 1433 981 1512 iudicare,
1009 1435 1087 1516 quia
1114 1436 1243 1518 scripta,
1271 1455 1315 1497 ex
1340 1437 1460 1518 quibus

54 1545 83 1590 ei
98 1519 203 1643 ‘Ji
218 1561 249 1598 ιο
263 1538 417 1603 iudicium
436 1511 676 1621 (licii⁴p‘dsset,
707 1559 774 1602 non
805 1537 911 1602 multa
945 1559 1023 1602 sane
1057 1538 1266 1620 reliquerunt,
1297 1559 1397 1620 quam
1428 1541 1461 1602 in

58 1633 78 1700 J't
102 1624 177 1654 '⁴‘
263 1642 404 1721 Graecis,
420 1663 464 1705 ex
487 1663 626 1725 quorum
646 1644 784 1725 scriptis,
804 1645 961 1725 cuiusque
983 1644 1102 1707 aetatis
1123 1665 1209 1725 quae
1227 1645 1357 1708 dicendi
1379 1646 1461 1708 ratio

130 1728 160 1750 '¹
262 1747 480 1828 voluntasque
494 1746 600 1824 suerit,
616 1744 762 1829 intellegi
777 1754 898 1852 potest.
931 1745 1177 1829 ¹Antiquissimi
1194 1748 1261 1812 iere
1279 1757 1363 1826 sunt,
1379 1769 1460 1830 quo·
1474 1763 1511 1810 aa

262 1871 334 1914 rum
350 1851 484 1932 quidem
500 1851 622 1933 scripta
637 1859 797 1929 constent,
813 1852 953 1916 Pericles
971 1861 1073 1933 atque
1087 1851 1279 1916 Alcibiades
1295 1861 1329 1916 et
1345 1853 1462 1916 eadem

294 1973 318 2022 6.
333 1972 439 2034 probarit
449 1970 498 2020 Ad.
511 1970 536 2021 S.
566 1971 673 2033 11011νὶ1
685 1971 740 2019 KP.
753 1977 800 2020 etc.
930 1971 955 2021 8.
971 1972 1069 2038 singula
1079 1987 1130 2022 om.
1142 1971 1168 2020 K
1180 1972 1275 2034 (nescio
1287 1988 1336 2037 qua
1346 1972 1462 2036 incuria).

261 2071 448 2140 prosecutione:
472 2071 514 2119 ‘in
536 2069 676 2120 accusando
694 2071 770 2120 etiam
791 2068 836 2121 Μ’.
922 2084 944 2120 1.
961 2076 1071 2121 tamen:
1089 2071 1105 2120 i.
1117 2079 1158 2134 47.
1171 2084 1217 2134 ²05
1231 2071 1320 2134 (note).

263 2137 365 2203 Aquilio
388 2137 417 2185 L.
435 2135 501 2185 Fufii
518 2138 619 2200 cognita
638 2135 759 2185 industria
784 2134 836 2185 est.¹
920 2139 977 2186 oris
986 2139 1163 2195 pravitatem,
1176 2136 1293 2200 ‘hiswry
1304 2131 1421 2186 mouths)

262 2205 310 2268 Cp.
331 2219 378 2267 pro
398 2202 497 2260 Flacco,
516 2217 556 2264 39.
576 2203 621 2267 98:
648 2202 717 2252 Brut.
734 2201 835 2250 61111
921 2206 1112 2252 morborum
1144 2205 1335 2260 latitudinem,
1368 2203 1462 2252 ‘broad

263 2269 386 2318 ‘multum
400 2268 433 2317 ab
447 2268 487 2317 his
503 2269 590 2317 aberat
606 2268 635 2318 L.
648 2267 741 2328 Fufius,
753 2273 836 2316 tamen
888 2265 1296 2332 pronunciation’=ataraaopds,
1327 2271 1412 2317 ‘vasta
1437 2275 1462 2317 et

261 2352 292 2386 ex
314 2332 471 2383 accusatione
500 2333 546 2383 M’.
577 2333 673 2398 Aquilii
693 2332 837 2396 diligentiae
887 2336 981 2382 rustica
1002 2334 1134 2383 verborum
1156 2331 1344 2400 pronuntiatio,‘
1368 2333 1403 2382 iii.
1423 2347 1463 2385 11.

191 2399 193 2401 ’
261 2401 369 2450 fructum
398 2399 507 2463 ceperit!
551 2399 599 2447 But
626 2398 752 2448 Antonius
785 2398 837 2447 had
887 2414 928 2465 4².

262 2464 382 2515 defended
392 2464 510 2541 Aquilius
526 2464 632 2538 (introd.
643 2480 668 2528 p.
683 2464 733 2527 14),
746 2463 796 2539 and
807 2480 836 2512 so
904 2468 971 2542 'aed
988 2470 1093 2542 tamen,
1113 2464 1130 2515 i.
1140 2480 1161 2514 e.
1179 2464 1205 2514 in
1224 2465 1289 2531 spite
1307 2466 1337 2516 01
1349 2465 1393 2515 the
1409 2463 1461 2514 real

261 2529 836 2658 1111111111111111111113
886 2531 1161 2654 111111111111..
1173 2595 1249 2646 soar
1261 2598 1301 2647 a.
1312 2597 1422 2661 ..aar
1435 2598 1464 2648 01
1559 2633 1561 2640 .

262 2661 366 2726 identiiy
378 2661 420 2711 the
432 2677 490 2710 man
504 2661 562 2710 here
577 2661 672 2724 spoken
684 2659 714 2710 01
721 2659 783 2710 with
794 2660 836 2709 the
887 2661 921 2711 all
930 2662 984 2725 (the
989 2662 1101 2725 inferior)
1107 2663 1180 2712 MSS.
1189 2663 1339 2720 Lachmann,
1347 2665 1379 2713 ad
1388 2665 1460 2714 Lucr.

262 2732 406 2793 prosecutor
421 2725 451 2776 01
464 2725 586 2790 Aquilius.
621 2725 736 2789 Nothing
752 2726 804 2775 else
815 2725 836 2774 is
886 2745 911 2793 p.
925 2743 963 2790 30,
975 2727 1027 2776 had
1041 2726 1196 2790 conjectured
1208 2731 1319 2790 11011111,
1335 2729 1379 2779 the
1395 2730 1462 2780 soree

262 2795 353 2844 known
370 2793 400 2843 01
411 2793 451 2842 his
468 2791 580 2856 political
597 2791 697 2841 action:
714 2791 758 2841 the
768 2797 836 2855 story
887 2794 917 2843 01
924 2794 1007 2842 which
1018 2793 1039 2843 is
1050 2800 1095 2843 not
1106 2795 1174 2858 quite
1184 2810 1213 2844 so
1224 2794 1293 2857 good
1303 2796 1368 2846 here.

262 2860 318 2910 told
335 2859 365 2909 01
378 2859 431 2907 him
447 2857 473 2906 in
489 2859 506 2908 i.
525 2873 563 2923 39.
583 2866 629 2921 179
645 2873 707 2922 goes
723 2864 751 2906 to
766 2856 837 2906 show
923 2870 944 2922 7.
962 2862 1124 2909 extulerint.
1150 2859 1227 2910 Soros
1231 2876 1349 2925 proposes
1358 2861 1461 2917 tulerint,

263 2927 319 2975 that
340 2925 372 2976 he
394 2940 446 2974 was
469 2940 485 2973 a
506 2923 641 2974 shameless
664 2922 837 2988 unpriucipled
887 2924 970 2974 which
987 2925 1009 2974 is
1025 2941 1094 2974 more
1111 2941 1227 2976 common
1244 2926 1270 2974 in
1287 2927 1330 2976 the
1346 2942 1416 2976 sense
1435 2927 1466 2975 01

262 2992 354 3042 fellow.
388 2990 439 3040 His
451 2988 514 3054 style
525 2989 555 3040 01
562 2989 683 3055 speaking
694 2990 716 3040 is
727 2989 838 3054 severely
888 2991 972 3052 ‘bear‚
998 2991 1138 3055 producez'
1166 2992 1212 3041 but
1235 3008 1274 3056 cp.
1297 2992 1365 3042 Brut.
1385 3009 1409 3054 4.
1431 2992 1462 3041 16

263 3057 388 3110 criticised
398 3057 423 3105 in
435 3056 471 3105 iii.
485 3069 523 3117 13.
535 3069 575 3117 50.
889 3059 963 3120 ‘ager
973 3071 1030 3105 cum
1042 3057 1134 3106 multos
1146 3073 1224 3107 annos
1231 3057 1330 3122 quievit,
1337 3058 1463 3108 uberiores

296 3128 325 3174 0.
340 3126 457 3172 Flavius
469 3124 604 3178 Fimbria,
616 3120 658 3170 the
670 3119 800 3186 colleague
812 3120 841 3171 01
888 3121 972 3171 efferre
987 3121 1072 3187 fruges
1089 3122 1183 3172 solet:'
1201 3139 1230 3172 so
1244 3123 1275 3172 de
1292 3124 1354 3187 Rep.
1370 3124 1397 3173 ii.
1410 3141 1432 3184 4.
1446 3139 1462 3187 9

263 3189 360 3239 Marius
371 3189 395 3236 in
407 3188 447 3237 his
460 3188 551 3238 second
560 3186 711 3252 consulship,
722 3203 768 3238 ao.
783 3201 837 3249 ¹04·
888 3188 931 3236 ‘id
941 3187 1009 3252 quod
1020 3187 1075 3251 agri
1086 3188 1187 3238 efferant
1196 3187 1216 3239 :'
1233 3189 1310 3238 hence
1322 3189 1363 3238 the
1374 3189 1464 3238 altera·

263 3255 317 3306 Cio.
328 3255 360 3304 de
372 3253 464 3302 011111.
475 3268 512 3317 19.
521 3263 559 3317 77,
571 3252 693 3302 callshim
701 3254 837 3309 consularis,
888 3255 941 3304 tion
952 3253 974 3303 is
985 3261 1029 3302 not
1038 3254 1155 3317 justified.

263 3326 291 3370 to
302 3320 451 3384 distinguish
461 3319 514 3367 him
526 3319 591 3367 from
601 3319 640 3368 his
655 3319 838 3368 better-known
923 3333 961 3370 11.
981 3323 1055 3369 ratio
1081 3324 1281 3378 voluntasque,
1309 3318 1390 3382 ‘style
1414 3319 1463 3368 and

262 3386 397 3435 namesake
421 3383 544 3449 (possibly
562 3382 601 3432 his
623 3385 690 3447 son),
710 3384 767 3433 who
786 3399 838 3432 was
889 3384 1046 3435 character:’
1063 3387 1170 3435 voluntas
1187 3386 1208 3434 is
1225 3385 1333 3450 literally
1349 3384 1392 3434 the
1406 3401 1465 3450 pur.-

262 3451 399 3502 lieutenant
408 3456 435 3500 to
444 3451 474 3498 L.
483 3449 587 3499 Flaccus
596 3449 621 3498 in
629 3449 671 3498 the
680 3465 732 3499 war
739 3449 838 3514 against
889 3466 956 3516 pose,
968 3452 1046 3500 hence
1057 3450 1099 3501 the
1110 3451 1231 3514 tendency
1241 3467 1270 3501 or
1281 3451 1359 3515 spirit.

263 3517 341 3582 Sulla.
374 3517 429 3568 The
445 3516 520 3566 latter
534 3515 665 3565 murdered
677 3515 781 3564 Flaccus
789 3529 851 3565 110.
925 3531 963 3578 13.
988 3523 1126 3576 oonstent,
1156 3519 1213 3566 ‘are
1246 3514 1409 3580 recognised'
1436 3531 1465 3564 as

263 3585 303 3646 85,
317 3583 368 3634 and
379 3583 422 3633 the
436 3588 494 3632 next
507 3598 566 3646 year
581 3581 727 3631 committed
738 3581 837 3641 suicide,
889 3582 1002 3646 genuine.
1035 3581 1275 3648 SimilarlyinBrut.
1290 3591 1311 3644 7.
1326 3592 1363 3644 27,
1377 3581 1465 3631 Cicero

262 3649 335 3700 when
345 3649 456 3699 deserted
465 3649 499 3713 by
510 3648 549 3697 his
561 3648 664 3698 soldiers
676 3647 837 3709 (Mommsen,
889 3647 978 3712 speaks
990 3648 1018 3697 01
1027 3649 1134 3698 Pericles
1146 3656 1152 3675 ‘
1163 3649 1232 3698 cuins
1243 3648 1334 3712 scripta
1343 3647 1465 3713 quaedam

263 3715 298 3765 iii.
312 3716 400 3778 306-7,
414 3717 482 3776 311).
516 3714 571 3762 The
586 3713 801 3778 lormerperished
814 3713 839 3761 in
890 3714 1031 3763 serunturr’
1060 3713 1209 3778 Quintilian,
1225 3712 1260 3763 iii.
1280 3727 1302 3762 1.
1324 3726 1361 3776 14,
1380 3727 1466 3775 recog-

263 3781 306 3831 the
319 3782 380 3830 riots
397 3781 425 3829 01
440 3780 528 3830 Cinna.
562 3779 616 3829 Cic.
632 3780 712 3841 (Brut.
726 3793 765 3842 34.
780 3780 839 3843 129)
889 3780 955 3830 nises
966 3779 1035 3829 them
1050 3787 1077 3828 to
1093 3781 1124 3829 be
1139 3779 1262 3844 spurious,
1276 3780 1404 3843 ‘equidem
1414 3793 1468 3827 non

263 3863 319 3908 says
327 3847 355 3896 01
360 3846 413 3893 him
423 3844 535 3894 ‘habitus
546 3850 583 3894 est
595 3859 661 3901 sane,
669 3851 698 3894 ut
705 3845 740 3893 ita
748 3844 838 3904 dicam,
890 3846 987 3910 reperio
999 3845 1134 3910 quidquam
1148 3851 1219 3894 tanta
1231 3844 1386 3909 eloquentiae
1397 3843 1465 3893 sama

262 3910 405 3970 lutulentus,
421 3925 501 3974 asper,
518 3909 668 3959 maledicus:
685 3925 772 3974 genere
784 3917 846 3959 toto·
890 3911 1000 3975 dignum,
1020 3911 1126 3976 ideoque
1144 3910 1226 3959 minus
1243 3911 1320 3959 miror
1341 3925 1401 3967 esse,
1423 3909 1465 3973 qui

264 3976 351 4043 paullo
371 3975 489 4024 fervidior
510 3982 584 4038 atque
607 3975 764 4030 commotior,
782 3975 839 4023 dili·
889 3976 952 4025 nihil
969 3978 1001 4026 ab
1018 3993 1050 4026 eo
1066 3977 1185 4042 scriptum
1202 3982 1296 4039 putent,
1307 3974 1369 4024 haec
1381 3982 1466 4023 autem

263 4043 363 4108 gentior
373 4046 456 4090 tamen
468 4047 492 4089 et
507 4040 597 4088 virtute
614 4040 690 4088 animi
703 4047 776 4104 atque
788 4040 840 4089 vita
889 4057 952 4106 quae
969 4043 1086 4098 seruntur,
1108 4042 1141 4090 ab
1162 4041 1219 4090 aliis
1241 4057 1293 4090 esse
1310 4037 1466 4104 composita!

263 4109 345 4157 bonus
374 4114 462 4156 auctor
484 4107 509 4154 in
540 4104 642 4154 senatu?
664 4105 738 4154 ·The
768 4106 840 4155 other
889 4107 1007 4172 Nothing
1022 4108 1044 4157 is
1065 4124 1123 4157 now
1145 4113 1231 4156 extant
1251 4106 1365 4156 ascribed
1385 4104 1465 4155 either

264 4173 377 4223 Fimbria
389 4188 440 4222 was
448 4171 523 4222 noted
536 4171 574 4221 lor
584 4170 624 4220 his
635 4169 764 4220 vehement
777 4172 840 4235 style
890 4179 917 4223 to
935 4173 1041 4222 Pericles
1060 4189 1090 4222 or
1106 4173 1257 4232 Alcibiades,
1276 4171 1326 4220 and
1342 4187 1381 4221 we
1402 4171 1467 4220 have

265 4240 294 4290 01
302 4239 437 4304 speaking:
453 4238 510 4303 ‘qui
528 4236 612 4286 omnia
630 4252 720 4300 magna
731 4253 792 4286 voce
804 4237 840 4286 di·
889 4255 923 4288 no
947 4239 1019 4289 other
1042 4238 1164 4288 reference
1189 4245 1216 4287 to
1241 4253 1289 4301 any
1305 4236 1416 4301 writings
1439 4237 1469 4284 01

265 4322 329 4368 oens,
342 4306 473 4355 verborum
488 4319 546 4353 sane
561 4303 840 4368 bonorumcursuquo·
890 4304 1051 4365 Alcibiades;
1080 4305 1126 4354 but
1155 4304 1253 4366 Helbig
1278 4302 1324 4352 has
1350 4302 1467 4366 assigned

265 4374 323 4422 dam
336 4372 448 4426 incitato,
462 4371 498 4419 ita
515 4369 613 4418 furebat
631 4375 723 4426 tamen,
740 4376 769 4418 ut
783 4370 842 4418 mir·
891 4377 918 4419 to
942 4369 996 4419 him
1021 4372 1065 4432 (on
1089 4387 1148 4434 very
1175 4369 1321 4419 insufficient
1344 4368 1465 4432 grounds)

264 4455 333 4489 arere
343 4445 394 4487 tam
405 4437 467 4486 alias
479 4451 517 4486 res
527 4449 600 4500 agere
610 4435 768 4500 populumut
778 4441 841 4485 esset
890 4434 933 4485 the
967 4437 1113 4500 authorship
1145 4435 1176 4485 01
1207 4436 1249 4484 the
1279 4435 1467 4498 pseudo-Xeno·

265 4507 353 4553 insano
370 4503 434 4551 inter
453 4503 557 4552 disertos
579 4499 664 4550 locus?
698 4501 775 4550 From
792 4500 841 4551 this
891 4502 1017 4565 phontean
1041 4502 1140 4551 treatise
1164 4501 1221 4550 ‘De
1244 4499 1365 4549 reditibus
1388 4499 1466 4549 Athe·

266 4570 367 4618 Asinius
386 4568 468 4618 Pollio
485 4567 573 4619 coined
590 4567 633 4618 the
643 4567 703 4618 verb
705 4568 839 4632 fimbriare,
890 4566 1028 4617 niensium!
1061 4567 1116 4615 The
1132 4565 1216 4616 words
1234 4565 1263 4614 01
1277 4565 1467 4621 Demosthenes,

266 4635 353 4700 Quint.
365 4634 416 4686 viii.
427 4648 449 4698 3.
463 4648 502 4698 3²·
893 4632 956 4681 Mid.
979 4649 1005 4697 p.
1027 4629 1083 4694 561,
1105 4629 1190 4694 λέγειν
1211 4629 1287 4682 ἐδόκει
1310 4629 1415 4688 πάντων,
1437 4629 1468 4679 rte
