3286 5036
256 386 319 453 288
586 385 640 448 M.
668 382 841 449 TULLII
862 380 1125 450 'CICERONIS

256 588 306 644 est
321 578 377 641 illa
392 577 504 658 dispar
518 575 673 640 adiuncta
692 574 775 638 ratio
795 573 963 650 orationis,
978 594 1063 656 quae
1083 573 1149 637 alio
1168 574 1312 656 quodam
1334 593 1453 655 genere

256 683 375 746 mentis
392 681 535 745 iudicum
551 687 720 760 permovet
735 677 951 759 impellitque,
967 685 1004 741 ut
1019 687 1077 741 aut
1097 677 1227 742 oderint
1242 687 1300 740 aut
1315 678 1454 759 diligant

256 796 313 849 aut
339 785 507 848 invideant
536 791 594 846 aut
620 781 747 845 salvum
770 780 873 844 velint
899 789 957 844 aut
982 789 1133 845 metuant
1156 791 1214 844 aut
1240 789 1372 863 sperent
1393 784 1453 844 'aut

256 888 389 972 cupiant
404 896 462 952 aut
477 885 674 950 abhorreant
689 893 747 948 aut
762 885 925 948 laetentur
939 893 997 947 aut
1012 895 1185 948 'maereant
1201 894 1258 948 aut
1279 885 1453 946 miserean-

229 1001 309 1056 stur
323 1001 381 1055 aut
396 992 530 1073 poenire
544 990 647 1053 velint
661 998 719 1053 aut
734 989 778 1052 ad
794 1009 850 1052 eos
866 997 976 1050 motus
987 987 1200 1063 deducantur,
1210 989 1238 1050 si
1254 988 1309 1069 qui
1326 987 1453 1050 finitimi

256 1103 334 1158 sunt
351 1091 409 1181 [de
423 1093 615 1176 propinquis
630 1112 669 1157 ac
683 1091 806 1156 talibus
822 1090 923 1155 animi
938 1086 1211 1176 permotionibus]
1226 1117 1234 1169 3
1257 1101 1358 1172 atque
1373 1090 1453 1154 illud

257 1199 441 1281 optandum
464 1206 523 1274 est
536 1197 667 1270 oratori,
691 1204 728 1259 ut
754 1194 900 1276 aliquam
923 1195 1162 1275 permotionem
1190 1195 1374 1257 animorum
1396 1215 1454 1257 sua

255 1311 375 1384 sponte
404 1303 465 1383 ipsi
496 1299 647 1364 adierant
676 1300 719 1363 ad
749 1319 882 1362 causam
912 1296 1035 1360 iudices
1064 1297 1107 1360 ad
1138 1297 1181 1371 id,
1212 1298 1300 1378 quod
1331 1297 1454 1360 utilitas

257 1406 395 1468 oratoris
417 1405 507 1476 feret,
531 1403 843 1480 adcommodatam;
866 1400 992 1465 facilius
1019 1409 1069 1464 est
1095 1401 1182 1463 enim
1202 1411 1395 1479 currentem,
1418 1410 1454 1464 ut
1467 1414 1522 1458 ree

214 1524 244 1562 10
257 1509 359 1582 aiunt,
375 1509 510 1571 incitare
525 1526 626 1589 quarn
642 1525 849 1569 commovere
865 1504 1098 1585 languentem
1121 1504 1171 1567 sin
1187 1504 1220 1566 id
1239 1512 1297 1567 aut
1314 1525 1380 1567 non
1396 1506 1456 1568 erit

257 1619 316 1675 aut
345 1612 405 1674 erit
435 1610 612 1694 obscurius
638 1610 723 1673 sicut
753 1609 883 1671 medico
913 1606 1074 1689 diligenti,
1102 1608 1292 1688 priusquam
1322 1618 1456 1671 conetur

257 1735 356 1796 aegro
372 1713 528 1778 adhibere
549 1713 757 1786 medicinam,
774 1732 841 1774 non
863 1710 971 1774 solum
995 1711 1130 1775 morbus
1151 1712 1229 1786 eius,
1249 1707 1315 1798 [cui
1334 1711 1456 1774 mederi

257 1812 373 1904 volet]
399 1817 457 1880 sed
485 1817 584 1880 etiam
608 1816 813 1880 consuetudo
839 1814 980 1878 valentis
1007 1822 1041 1877 et
1068 1824 1184 1878 natura
1210 1815 1354 1895 corporis
1380 1835 1457 1898 cog·
1485 1842 1488 1848 ·

258 1922 425 1984 noscenda
440 1929 500 1994 est,
513 1922 558 1983 sic
571 1920 724 2000 equidem
737 1938 812 1982 curn
825 1919 999 2000 adgredior
1013 1919 1047 1980 in
1058 1918 1193 2000 ancipiti
1208 1938 1307 1982 causa
1319 1928 1352 1981 et
1367 1922 1456 2001 gravi

214 2045 243 2094 15
257 2025 300 2088 ad
317 2026 445 2088 animos
467 2023 611 2086 iudicum
632 2022 888 2104 pertractandos,
904 2021 993 2084 omni
1017 2030 1126 2084 mente
1142 2021 1175 2083 in
1198 2041 1237 2084 ea
1259 2023 1457 2103 cogitatione

258 2148 400 2210 curaque
414 2146 534 2201 versor,
544 2134 581 2189 ut
595 2126 721 2200 odorer,
731 2145 831 2206 quam
847 2125 1056 2207 sagacissime
1067 2126 1199 2206 possim,
1212 2125 1293 2206 quid
1305 2125 1457 2203 sentiant,

259 2233 337 2314 quid
348 2231 549 2305 existiment,
561 2229 641 2312 quid
657 2238 860 2312 exspectent,
877 2229 956 2311 quid
970 2227 1081 2304 velint,
1094 2247 1161 2310 quo
1176 2228 1295 2292 deduci
1310 2230 1458 2293 oratione

351 2453 375 2501 6.
393 2455 421 2501 de
429 2453 564 2516 propinquis
575 2468 602 2499 πο
614 2452 696 2500 toldus
708 2453 782 2499 animi
788 2451 965 2512 permotionibus
976 2450 1048 2500 codd.
1060 2450 1109 2500 fere
1120 2466 1205 2500 omnes
1217 2468 1222 2501 :
1240 2452 1297 2501 incl.
1309 2451 1361 2500 KS.

543 2530 581 2566 12.
601 2516 649 2580 [cui
660 2518 744 2565 ruderi
754 2517 824 2582 volet]
837 2533 886 2566 om.
899 2516 971 2566 codd.
985 2522 1061 2566 mut:
1078 2515 1136 2565 incl.
1148 2516 1182 2566 K.

291 2737 835 2795 a.permovetimpellitque:Sorolnotices
887 2738 990 2788 subdere
1007 2737 1089 2787 calcar
1103 2739 1182 2802 equo!
1215 2739 1279 2790 Plin.
1300 2739 1382 2804 Epi.
1404 2741 1426 2790 8.
1447 2755 1457 2787 1

258 2803 317 2852 how
339 2802 399 2852 fond
421 2803 509 2852 Cicero
531 2804 553 2851 is
575 2803 604 2852 of
626 2805 772 2868 connecting
794 2805 836 2853 the
888 2803 1021 2852 ‘addidisti
1032 2819 1091 2867 ergo
1102 2804 1209 2853 calcaria
1220 2811 1308 2868 sponte
1319 2805 1437 2856 currenti!

259 2869 397 2932 predicates
417 2868 446 2916 of
461 2875 511 2918 two
531 2869 673 2917 coordinate
689 2869 784 2918 clauses
802 2869 836 2932 by
919 2875 952 2918 ut
964 2873 1051 2929 aiunt,
1065 2875 1107 2917 ‘as
1118 2869 1160 2918 the
1171 2870 1276 2934 proverb
1286 2872 1362 2935 goes!

258 2950 316 2998 -que,
335 2934 385 2982 and
402 2933 518 2999 bringing
535 2934 603 2983 thern
622 2935 676 2983 into
693 2933 836 2984 immediate
921 2948 959 2984 11.
977 2939 1108 2984 conetur:
1126 2935 1190 2994 Rob,
1206 2934 1303 2996 §1672

255 2998 444 3063 juxtaposition.
923 3013 959 3048 ra.
977 3015 1067 3056 aegro.
1084 2997 1131 3061 adj.
1149 3000 1209 3048 used
1225 3001 1409 3065 substantively,
1432 3007 1459 3050 to

292 3078 315 3126 3.
332 3068 488 3125 invideant,
503 3064 578 3114 ‘look
589 3063 651 3113 with
662 3063 756 3113 ill-will
767 3080 835 3129 upon
886 3065 1035 3128 correspond
1045 3064 1106 3113 with
1119 3066 1219 3114 medico:
1238 3067 1288 3114 this
1300 3082 1342 3115 use
1354 3067 1374 3114 is
1386 3067 1460 3115 much

259 3130 329 3179 him.’
885 3144 953 3178 more
971 3145 1085 3178 common
1102 3131 1127 3178 in
1144 3130 1186 3180 the
1198 3130 1298 3196 oblique
1315 3147 1382 3180 cases
1399 3132 1460 3180 than

293 3210 316 3258 5.
332 3198 447 3250 poenire
458 3211 463 3242 :
476 3194 593 3243 soAand
601 3195 672 3244 other
679 3194 747 3258 good
754 3193 835 3255 MSS,
886 3195 912 3243 in
929 3195 971 3244 the
986 3195 1153 3244 nominative:
1174 3212 1211 3260 cp.
1231 3197 1339 3257 Kiihner,
1357 3197 1384 3246 ii.
1398 3207 1459 3258 προς

260 3261 309 3308 and
331 3259 373 3308 the
396 3259 450 3308 cod.
473 3259 560 3308 Ambr.
582 3260 608 3307 in
626 3259 657 3308 de
675 3261 737 3324 Rep.
756 3259 792 3308 iii.
812 3275 835 3322 9.
886 3259 956 3309 Lael.
967 3275 991 3322 4.
1006 3274 1036 3322 14
1049 3264 1146 3310 ‘vereor
1156 3277 1187 3310 ne
1202 3262 1280 3310 invidi
1294 3263 1375 3327 magis
1386 3277 1461 3325 quam

260 3324 400 3372 Brambach
417 3323 502 3385 rejects
522 3324 542 3372 it
559 3339 587 3372 as
607 3324 719 3380 archaic;
737 3326 782 3372 but
798 3340 836 3373 we
886 3325 961 3374 amici
974 3325 1022 3374 sit!
1056 3325 1107 3374 For
1119 3326 1329 3391 the‘comparison
1344 3344 1383 3392 cp.
1396 3328 1459 3377 Plat.

259 3389 506 3519 utilitati
526 3388 836 3516 lii⁰il³iiallii02h⁶
886 3389 1460 3520 {miii⁶.le⁶.⁹.”⁰l.⁷⁹⁶ii⁹al{issl⁹

293 3524 482 3570 deducantur:
510 3525 522 3579 §
544 3519 597 3583 189.
639 3519 675 3581 (A
695 3492 728 3585 by
746 3535 761 3568 a
778 3536 836 3584 very
885 3537 935 3582 pars
946 3473 990 3568 lde?
1002 3474 1124 3569 &tondedat
1136 3521 1182 3583 τὴν
1197 3475 1279 3584 ᾳέέέιην,
1295 3521 1403 3582 σώματος
1415 3523 1459 3582 μέν

260 3601 374 3636 common
386 3601 451 3635 error
460 3585 506 3634 has
517 3586 647 3646 diducant.)
885 3587 912 3634 ἐν
923 3589 953 3649 τῇ
965 3583 1043 3649 ἑτέρᾳ,
1051 3588 1130 3648 ψυχῆς
1137 3587 1162 3634 δὲ
1172 3588 1199 3636 ἐν
1206 3588 1237 3651 τῇ
1246 3587 1324 3650 ἑτέρᾳ,
1335 3590 1355 3636 εἰ
1363 3587 1460 3648 μέλλεις

293 3652 316 3702 6.
336 3651 382 3714 [de
394 3653 560 3709 propinquis
577 3653 731 3700 annalibus
749 3653 835 3699 enimi
886 3650 919 3711 μὴ
936 3651 1007 3715 τριβῇ
1024 3650 1099 3711 μόνον
1115 3651 1157 3701 καὶ
1174 3651 1288 3716 ἐμπειρίᾳ,
1300 3652 1366 3701 ἀλλὰ
1380 3653 1459 3716 τέχνῃ

259 3717 504 3779 permotionibus}
538 3716 602 3764 This
624 3716 727 3780 reading
749 3716 778 3764 of
793 3717 836 3765 the
885 3719 920 3780 τῷ
942 3715 987 3776 μὲν
1009 3715 1122 3780 φάρμακα
1143 3717 1182 3766 rol
1207 3719 1298 3781 τροφὴν
1321 3719 1460 3783 προσφέρων

260 3790 330 3846 great
342 3781 457 3846 majority
469 3782 498 3831 of
511 3782 553 3831 the
569 3780 641 3831 MSS.
656 3782 783 3846 including
800 3781 834 3830 all
885 3779 978 3844 ὑγίειαν
989 3782 1028 3831 καὶ
1039 3781 1121 3867 privum
1133 3783 1279 3845 ἔμποιήσειν,
1292 3784 1322 3847 τῇ
1334 3783 1360 3832 δὲ
1371 3784 1460 3847 λόγους

261 3848 290 3897 os
298 3848 340 3897 the
351 3848 430 3896 better
440 3847 511 3906 class,
523 3846 666 3911 manifestly
676 3847 760 3910 points
778 3853 804 3895 to
819 3863 835 3895 a
885 3864 913 3894 τε
930 3845 970 3895 καὶ
987 3848 1149 3910 immiseras
1161 3847 1281 3908 νομίμους,
1298 3848 1370 3899 πειθὼ
1386 3849 1416 3911 ἣν
1430 3847 1461 3898 ἂν

260 3912 382 3975 marginal
393 3913 470 3975 gloss.
494 3912 550 3962 The
559 3912 602 3960 old
608 3913 717 3976 reading,
726 3911 835 3962 retained
885 3911 964 3976 βούλῃ
976 3911 1015 3960 καὶ
1026 3913 1115 3975 ἀρετὴν
1127 3915 1281 3978 παραδώσειν.

260 3979 294 4040 by
305 3977 359 4025 Pid.
373 3979 411 4025 ‘et
422 3977 554 4040 propinqui
568 3977 608 4024 his
623 3993 653 4025 ac
668 3977 776 4036 talibus,’
788 3984 834 4028 etc.
918 3983 965 4028 eui
980 3982 1088 4029 mederi
1104 3983 1189 4040 volet,
1208 3981 1311 4030 omitted
1329 3980 1362 4045 by
1374 3982 1397 4029 A
1411 3981 1461 4030 and

260 4041 334 4090 looks
346 4041 397 4089 like
408 4056 440 4088 an
451 4057 509 4131 easy
520 4043 564 4089 but
575 4042 625 4116 late
637 4043 778 4126 cprrection.
884 4045 927 4094 the
936 4043 1014 4094 better
1021 4045 1076 4095 cod.
1085 4045 1179 4110 Lagg.:
1189 4046 1266 4096 hence
1274 4047 1397 4110 probably
1403 4047 1461 4110 only

261 4121 331 4219 Malli.
345 4106 835 4233 afssrzd'‘siwvldlstramvldlrrditasldllt,'laengrl
885 4110 1146 4236 ag&ssdenittetione
1169 4191 1300 4234 auraque,
1330 4177 1461 4226 ‘attentive

261 4236 336 4286 often.
886 4239 1083 4300 consideration,’
1094 4240 1232 4304 hendiadys
1244 4257 1271 4290 as
1284 4243 1309 4290 in
1323 4247 1334 4300 ξ
1350 4252 1404 4304 174.

294 4306 455 4351 currentem
474 4338 479 4350 .
499 4338 505 4351 .
525 4337 531 4349 .
548 4303 681 4351 incitare:
699 4317 738 4364 cp.
755 4301 787 4350 ad
802 4301 834 4364 Q.
921 4305 958 4354 16.
975 4309 1161 4366 eegaoiesime,
1178 4306 1251 4355 inite
1268 4308 1377 4371 primary
1391 4321 1462 4355 sense

260 4367 327 4417 fratr.
340 4367 356 4417 i.
371 4381 392 4417 1.
406 4365 435 4414 16
448 4369 535 4431 ‘atque
545 4367 663 4416 haecnon
674 4383 704 4416 eo
714 4367 834 4429 dicuntur,
885 4369 915 4418 of
922 4369 984 4419 keen
995 4377 1071 4421 soent.
1111 4372 1158 4436 Cp.
1172 4372 1227 4422 Col.
1240 4373 1282 4422 vii.
1297 4386 1335 4422 12.
1348 4383 1361 4434 7
1374 4377 1461 4421 ‘canes

259 4438 288 4481 ut
306 4440 330 4482 te
349 4433 430 4483 oratio
449 4449 505 4482 mea
525 4432 687 4482 dormientem
707 4435 834 4494 excitasse,
885 4436 907 4484 si
928 4436 1097 4486 advenientem
1113 4438 1235 4501 sagaciter
1252 4435 1411 4494 odorantur;'
1428 4437 1462 4484 ad

261 4498 305 4547 sed
316 4499 399 4562 potius
408 4505 436 4547 ut
444 4505 576 4549 currentem
585 4499 700 4548 incitasse
708 4499 834 4549 videntur.'
886 4501 939 4550 Att.
951 4501 984 4550 vi.
996 4517 1018 4561 4.
1032 4515 1046 4563 3
1060 4501 1136 4550 ‘illud
1148 4509 1273 4566 praeterea
1283 4500 1461 4564 μνσπικὼτερον

261 4563 308 4613 Ov.
320 4565 368 4628 Ep.
380 4565 451 4615 Pont.
469 4564 495 4614 ii.
513 4567 544 4627 38
562 4572 621 4615 ‘nec
636 4570 708 4616 nocet
725 4565 835 4615 admisso
885 4566 919 4616 ad
930 4572 954 4617 te
964 4567 1080 4629 scribam,
1092 4573 1119 4616 tu
1130 4568 1244 4634 sagacius
1256 4565 1406 4618 odorabere.’
