3310 5040
260 411 322 478 260

582 414 635 478 M.
664 414 837 480 TULLII
859 414 1124 482 CICERONIS

259 601 464 679 confirmato,
489 602 619 666 tradam
646 622 722 666 eum
751 600 871 667 Crasso
898 613 932 668 et
958 602 1165 667 vestiendum
1194 613 1228 668 et
1255 604 1459 670 ornandum’

259 707 349 770 Tum
378 705 523 785 Crassus,
550 710 603 770 ‘tu
628 703 726 783 vero,'
753 706 861 788 inquit
885 705 1041 786 ‘Antoni
1068 727 1176 790 perge,
1205 717 1242 772 ut
1269 709 1531 788 instituisti3124

261 811 478 892 nequeenim
504 821 554 874 est
582 810 660 875 boni
683 831 790 892 neque
811 809 954 874 liberalis
978 811 1133 891 parentiS,
1157 832 1257 892 quem
1280 815 1460 894 procrearis

261 923 294 976 et
319 915 482 990 eduxeris,
508 935 583 978 eum
608 935 675 1006 non
700 923 734 978 et
757 914 877 978 vestire
900 923 934 977 et
958 933 1081 988 ornare,
1109 916 1302 995 praesertim
1326 937 1401 980 cum
1426 928 1460 982 te

233 1015 459 1098 5locupletem
483 1037 553 1080 esse
577 1037 698 1098 negare
723 1037 789 1080 non
816 1016 932 1098 possis.
979 1016 1079 1099 Quod
1105 1017 1192 1079 enim
1218 1029 1459 1094 ornamentum,

262 1139 347 1200 quae
361 1121 419 1198 vie,
434 1121 490 1202 qui
506 1122 644 1198 animus,
656 1141 741 1203 quae
757 1118 900 1202 dignitas
916 1118 962 1181 illi
977 1119 1097 1183 oratori
1113 1120 1225 1198 deluit,
1241 1123 1297 1203 qui
1313 1123 1346 1184 in
1362 1143 1461 1187 causa

261 1224 445 1304 peroranda
467 1244 533 1287 non
548 1224 711 1287 dubitavit
730 1224 991 1326 excitarejeum
1010 1223 1215 1286 consularem
1237 1233 1271 1287 et
1292 1225 1360 1289 eius
1378 1226 1461 1289 dilo-

262 1327 363 1389 ricare
377 1327 522 1390 tunicam
547 1336 580 1391 et
603 1326 765 1390 iudicibus
786 1327 952 1390 cicatrices
973 1327 1127 1389 adversas
1147 1328 1234 1390 senis
1256 1327 1461 1409 imperatoris

262 1432 457 1496 ostendere?
488 1431 544 1513 qui
574 1431 671 1508 idern,
701 1429 764 1493 hoc
794 1427 968 1493 accusante
1001 1429 1157 1512 Sulpicio,
1189 1451 1263 1494 cum
1293 1431 1461 1495 hominem

220 1562 250 1597 ιο
263 1535 456 1598 seditiosum
489 1534 713 1615 furiosumque
748 1532 948 1608 defenderet,
980 1554 1045 1597 non
1082 1534 1247 1599 dubitavit
1282 1526 1461 1601 seditiones

263 1641 350 1721 ipsas
380 1659 496 1701 ornare
525 1659 564 1702 ac
594 1639 818 1701 demonstrare
848 1637 1048 1718 gravissimis
1077 1638 1184 1702 verbis
1215 1639 1299 1703 mult
1364 1661 1418 1703 sae
1443 1662 1462 1703 e

263 1745 406 1826 impetus
428 1741 543 1823 populi
567 1761 633 1805 non
656 1742 793 1804 iniustos
818 1761 898 1817 esse,
911 1761 1000 1822 ¹quos
1020 1751 1185 1822 praestare
1206 1763 1305 1806 nemo
1328 1753 1462 1826 posset;

264 1846 384 1911 multas
404 1847 505 1910 etiam
523 1866 548 1925 ue
571 1845 756 1927 republica
779 1846 957 1909 seditiones
979 1865 1079 1928 saepe
1100 1867 1172 1910 esse
1194 1847 1309 1926 factae,
1330 1856 1367 1911 ut
1387 1869 1463 1912 cum

264 1971 356 2032 reges
372 1960 482 2014 essent
502 1951 621 2028 exacti,
637 1960 673 2013 ut
695 1970 771 2012 curn
793 1948 966 2013 tribunicia
985 1958 1133 2030 potestas
1148 1951 1347 2030 constituta3
1371 1952 1463 2015 illam

222 2076 250 2126 15
265 2053 414 2118 Norbani
436 2052 633 2117 seditionem
660 2074 704 2116 ex
727 2053 818 2117 luctu
834 2051 953 2116 civium
976 2061 1010 2115 et
1033 2073 1077 2116 ex
1102 2052 1278 2135 Caepionis
1301 2054 1386 2132 odio,
1407 2056 1463 2137 qui

152 2149 155 2160 '
264 2159 446 2221 exercitum
472 2159 636 2235 amiserat,
664 2178 773 2239 neque
800 2157 931 2239 reprimi
958 2157 1104 2239 potuisse
1131 2167 1177 2240 §.t-
1193 2159 1262 2221 iure
1289 2179 1360 2222 esse
1386 2179 1463 2222 con-

155 2331 159 2338 ,
264 2263 400 2326 flatam?
424 2263 531 2344 potuit
543 2261 596 2326 hic
612 2262 788 2326 locustam
805 2282 935 2343 anceps,
948 2269 1017 2324 tarn
1034 2262 1211 2339 inauditus,
1226 2271 1297 2326 tam
1313 2261 1464 2340 lubricus,
1477 2285 1531 2331 125

106 2441 110 2449 Α
171 2388 179 2426 ·.
265 2376 335 2429 tarn
351 2386 454 2430 novus
466 2367 536 2430 sine
548 2368 693 2454 quadam
705 2365 886 2429 incredibili
897 2366 929 2428 vi
945 2385 983 2428 ac
995 2364 1153 2429 facultate
1163 2366 1294 2429 dicendi
1310 2365 1464 2430 tractari?

191 2459 193 2467 ’
266 2470 346 2552 quid
364 2489 425 2551 ego
438 2470 480 2532 de
493 2469 554 2534 Cn.
569 2470 683 2546 Mallii,
698 2471 777 2554 quid
794 2471 836 2533 de
853 2469 895 2554 Q
913 2469 1016 2552 Regis
1032 2470 1319 2534 commiseratione
1334 2471 1465 2534 dicam?

298 2621 321 2668 4.
343 2608 484 2662 eduxeris,
507 2605 635 2655 ‘reared:'
656 2622 694 2670 cp.
713 2606 771 2655 Ter.
789 2605 839 2656 Ad,

268 2686 280 2718 2
284 2686 297 2732 3
311 2671 386 2720 ‘hunc
397 2671 470 2719 eduxi
480 2687 495 2719 a
506 2671 624 2734 parvulo!
650 2675 761 2728 Educere,
768 2671 839 2720 when

264 2737 324 2784 used
342 2736 371 2784 of
384 2736 502 2792 children,
520 2737 541 2785 is
558 2752 626 2785 more
643 2738 785 2800 commonly
797 2753 840 2800 ap-

265 2802 333 2866 plied
344 2809 371 2850 to
383 2802 469 2865 bodily
478 2809 585 2859 nurture,
594 2805 699 2858 educare,
708 2809 735 2850 to
747 2802 840 2851 mental

265 2868 381 2931 training.
400 2868 446 2930 Cp.
456 2869 544 2928 Krebs,
551 2869 740 2922 Antibarbarus‚
749 2884 773 2932 p.
784 2880 839 2931 395.

301 2942 322 2994 7.
338 2949 419 2982 reum
440 2938 622 2990 consulerem,
640 2935 685 2983 i.e.
704 2934 749 2983 Μ’.
761 2933 839 2997 Aqui-

265 2997 339 3047 lium:
356 3015 393 3063 cp.
406 3005 418 3058 ς
431 3013 485 3063 194,
495 3000 545 3048 and
557 3001 656 3049 inVerr.
666 3016 688 3048 v.
699 3014 721 3046 1.
734 3013 748 3062 3
762 2998 839 3048 ‘venit

265 3064 329 3112 mihi
346 3065 371 3112 in
389 3074 505 3120 mentem,
525 3066 550 3113 in
573 3065 665 3114 iudicio
684 3065 727 3114 M’.
744 3064 839 3128 Aquilii

265 3137 385 3193 quantum
402 3132 563 3190 auctoritatis,
582 3139 700 3195 quantum
719 3131 839 3179 momenti

266 3195 347 3244 oratio
359 3197 394 3242 M,
407 3197 511 3246 Antonii
520 3197 635 3246 habuisse
644 3197 784 3246 existimata
793 3197 838 3244 sit:

265 3261 317 3324 qui,
328 3269 355 3309 ut
367 3267 418 3309 erat
431 3262 455 3309 in
466 3263 572 3310 dicendo
584 3279 633 3310 non
644 3264 724 3310 solum
733 3262 839 3325 sapiens,

265 3326 309 3374 sed
332 3327 407 3374 etiam
429 3326 507 3384 sortis,
529 3343 604 3375 causa
626 3343 704 3390 prope
726 3334 840 3390 perorata

266 3391 319 3454 ipse
337 3392 439 3454 arripuit
457 3390 501 3440 Μ’.
519 3392 648 3456 Aquilium
666 3392 840 3454 constituitque

265 3457 291 3504 in
308 3465 439 3519 conspectu
457 3457 574 3513 omnium,
589 3459 743 3520 tunicamque
760 3457 840 3505 eiusa

266 3529 365 3585 pectore
392 3523 505 3578 abscidit,
527 3530 555 3572 ut
582 3523 708 3572 cicatrices
734 3521 840 3586 populus

266 3589 392 3638 Romanus
409 3589 549 3653 iudicesque
565 3588 719 3653 adspicerent
738 3588 840 3636 adverso

267 3670 370 3719 corpore
382 3663 510 3719 exceptas;
528 3655 600 3704 simul
609 3662 634 3703 et
645 3655 675 3703 de
685 3655 731 3702 illo
742 3654 841 3702 volnere

266 3721 333 3784 quod
350 3720 393 3768 ille
410 3721 435 3768 in
453 3721 534 3784 capite
552 3722 585 3770 ab
601 3721 710 3769 hostium
726 3720 787 3768 duce
802 3735 841 3767 ac-

267 3794 371 3848 ceperat,
390 3785 469 3834 multa
489 3787 560 3844 dixit,
578 3802 657 3850 eoque
676 3786 779 3835 adduxit
799 3800 841 3834 eos

267 3851 309 3912 qui
326 3857 396 3897 erant
413 3850 552 3906 iudicaturi,
565 3851 723 3900 vehementer
734 3856 761 3898 ut
775 3865 842 3898 vere-

267 3920 348 3961 rentur
358 3929 397 3970 ne,
410 3930 482 3977 quem
491 3917 570 3963 virum
582 3917 681 3964 fortuna
692 3933 722 3965 ex
732 3916 842 3964 hostiurn

267 3979 323 4026 telis
337 3979 472 4042 eripuisset,
486 3997 541 4028 cum
558 3981 606 4028 sibi
622 3983 676 4046 ipse
692 3997 741 4030 non
758 3996 843 4043 peper-

267 4045 348 4099 cisset,
360 4044 463 4092 hicnon
474 4046 507 4093 ad
518 4046 604 4109 populi
616 4047 723 4096 Romani
735 4046 841 4105 laudem,

267 4110 310 4158 sed
333 4109 365 4156 ad
388 4110 498 4158 iudicum
525 4111 696 4162 crudelitatem
719 4111 843 4160 videretur

268 4191 320 4224 esse
332 4177 457 4224 servatus.’
492 4176 586 4225 Introd.
598 4193 622 4241 p.
637 4192 674 4240 14.
698 4176 841 4239 Quintilii.

270 4254 308 4304 15.
326 4251 347 4302 7,
360 4240 412 4290 also
425 4241 499 4290 refers
508 4249 534 4291 to
547 4243 596 4290 this
608 4242 703 4291 famous
715 4243 825 4291 defence.

302 4310 458 4365 dilorieare,
478 4308 536 4371 only
555 4309 630 4357 found
651 4309 709 4357 bere
728 4309 753 4356 in
776 4307 843 4372 good

268 4373 351 4422 Latin.

301 4455 323 4501 9.
340 4443 483 4490 hominem
498 4443 669 4500 seditiosum,
682 4440 843 4488 Norbanum:

268 4503 361 4554 Introd.
375 4521 399 4568 p.
414 4521 452 4569 14.

304 4584 340 4618 12.
358 4578 510 4630 praestare,
536 4572 581 4621 ‘be
603 4571 755 4620 answerable
778 4570 844 4620 for:’

268 4643 408 4700 ‘praestare
430 4637 565 4702 periculum
587 4638 693 4688 alicuius
716 4637 767 4686 rei’
789 4637 810 4686 is
829 4652 844 4685 a

892 2622 1006 2655 common
1018 2605 1139 2655 technical
1151 2613 1213 2655 term
1224 2606 1263 2654 sor
1275 2610 1316 2655 ‘to
1328 2605 1386 2656 take
1395 2623 1466 2670 upon

892 2672 988 2720 ouesels
992 2672 1034 2720 the
1043 2671 1095 2720 risk
1103 2673 1132 2720 of
1137 2689 1151 2720 a
1161 2671 1247 2736 thing!
1259 2673 1331 2720 Then
1339 2676 1383 2721 the
1391 2687 1466 2735 usage

891 2738 912 2785 is
924 2737 1045 2786 extended
1057 2753 1084 2785 as
1096 2737 1120 2784 in
1133 2737 1203 2785 Caes.
1213 2738 1272 2787 ΒΕ.
1285 2737 1320 2786 iii.
1335 2747 1373 2799 17.
1386 2751 1399 2798 5
1413 2736 1469 2785 ‘illi

890 2818 968 2866 neque
990 2803 1088 2866 legatos
1111 2802 1223 2850 Caesaris
1249 2803 1364 2866 recipere,
1387 2817 1466 2864 neque

890 2868 1027 2931 periculum
1048 2875 1172 2931 praestare
1193 2871 1292 2916 eorum!
1326 2867 1465 2932 Cp.·Tusc.

890 2934 926 2982 iii.
945 2933 983 2982 16.
1004 2947 1036 2994 34
1054 2933 1167 2996 ‘culpam
1190 2942 1273 2981 autem
1294 2933 1387 2982 nullam
1406 2947 1466 2989 esse,

890 3015 946 3047 cum
969 2999 995 3047 id
1018 2999 1085 3062 quod
1109 2999 1141 3046 ab
1163 2999 1263 3046 homine
1285 3014 1334 3046 non
1356 2997 1467 3062 potuerit

890 3064 1018 3128 praestari,
1031 3064 1156 3112 evenerit!

926 3144 963 3191 13.
972 3145 1025 3179 ere
1034 3133 1157 3186 publiea,
1167 3137 1173 3157 ‘
1183 3130 1208 3178 in
1217 3129 1258 3178 the
1266 3129 1378 3178 interests
1388 3129 1417 3177 of
1423 3128 1466 3176 th'e

890 3195 971 3244 state!

926 3275 964 3323 14.
978 3266 1073 3310 essent
1083 3264 1189 3318 exucti;
1201 3260 1349 3324 pluperfects
1360 3259 1466 3308 because

891 3327 933 3374 the
944 3326 1073 3389 expulsion
1085 3327 1114 3374 os
1122 3327 1163 3374 the
1175 3326 1247 3388 lrings
1260 3327 1281 3373 is
1293 3324 1387 3389 spoken
1399 3325 1427 3372 os
1439 3340 1466 3372 as

890 3392 1024 3456 preceding
1042 3393 1083 3440 the
1098 3392 1189 3455 speech
1205 3391 1233 3440 of
1242 3391 1373 3446 Antonius,
1385 3389 1468 3438 which

890 3473 942 3506 was
952 3456 1019 3506 itself
1028 3464 1054 3506 to
1064 3459 1166 3507 Crassus
1175 3474 1206 3506 an
1215 3463 1286 3505 event
1297 3457 1322 3504 in
1334 3461 1389 3519 past
1398 3455 1466 3504 time.

927 3537 964 3584 15.
987 3539 1023 3572 ex
1038 3526 1127 3580 luctu,
1150 3530 1205 3578 etc,
1225 3539 1255 3571 an
1279 3521 1409 3584 adjectival
1428 3536 1468 3568 ex-

891 3589 1013 3653 pression:
1027 3589 1163 3652 ‘arisingas
1171 3589 1191 3637 it
1198 3589 1241 3636 did
1248 3587 1312 3636 from
1320 3587 1362 3636 the
1369 3601 1467 3634 mourn·

891 3654 916 3702 in
936 3656 950 3710 ‚⁹
963 3662 1010 3703 etc.

918 3670 959 3771 lb.
972 3723 1126 3770 exereitum
1131 3723 1272 3777 amiserat,
1277 3718 1349 3768 atthe
1356 3716 1435 3766 battle
1442 3717 1471 3764 os

893 3787 1013 3836 Arausio:
1032 3786 1179 3842 Mommsen,
1192 3787 1228 3833 iii.
1243 3785 1362 3846 183-187.

929 3863 966 3915 17.
988 3867 1100 3908 anceps,
1123 3850 1291 3913 ‘dangerous‚'
1317 3847 1404 3910 nearly
1431 3863 1469 3910 sy·

893 3933 1029 3981 nonymous
1041 3917 1102 3966 with
1114 3917 1253 3974 ‘lubricus’
1270 3931 1297 3964 as
1315 3914 1468 3963 ‘inauditus’

893 3984 955 4032 with
967 3980 1073 4031 ‘novus'
1096 4031 1101 4042 ,

924 4062 960 4111 19.
971 4051 1141 4098 cantonius
1146 4062 1248 4096 wasone
1256 4045 1331 4094 ofthe
1338 4044 1436 4093 consuls
1444 4043 1474 4091 of

894 4114 936 4162 the
944 4129 1002 4176 year
1009 4115 1038 4161 of
1042 4114 1084 4162 the
1091 4113 1173 4162 defeat
1181 4119 1207 4161 at
1216 4113 1323 4160 Arausio
1331 4117 1391 4172 (ac.
1401 4111 1469 4171 105).

894 4179 918 4226 It
935 4179 955 4226 is
972 4179 1039 4242 quite
1054 4179 1213 4227 conceivahle
1230 4178 1287 4226 that
1304 4175 1427 4224 Antonius
1444 4175 1470 4222 in

893 4244 932 4292 his
948 4245 1049 4293 defence
1066 4245 1094 4292 of
1109 4244 1249 4299 Norbanus,
1265 4243 1341 4290 while
1357 4241 1471 4304 painting

894 4310 920 4358 in
940 4310 981 4359 the
998 4315 1120 4376 strongest
1138 4308 1235 4358 colours
1253 4309 1295 4356 the
1314 4307 1471 4369 indignation

895 4375 925 4424 os
939 4375 981 4424 the
1000 4375 1090 4438 people
1110 4380 1137 4422 at
1154 4375 1196 4422 the
1212 4375 1326 4429 disaster,
1344 4370 1470 4434 digressed

894 4441 947 4489 into
970 4455 986 4488 a
1003 4456 1080 4488 warm
1102 4439 1242 4503 expression
1261 4438 1290 4486 of
1300 4439 1353 4500 pity
1372 4436 1411 4484 sor
1428 4436 1471 4482 the

895 4505 944 4554 sate
956 4506 985 4554 of
994 4504 1103 4561 Mallius,
1111 4505 1195 4552 whose
1207 4503 1352 4551 mislortuue
1364 4516 1415 4550 was
1424 4500 1472 4549 due

895 4578 922 4620 to
935 4571 976 4618 the
988 4569 1200 4618 insubordiuation
1213 4568 1242 4616 os
1251 4568 1356 4631 Caepio.

930 4639 963 4692 Q.
978 4638 1102 4685 Muretus
1119 4637 1181 4684 Rex
1197 4632 1247 4682 had
1264 4633 1326 4681 been
1344 4630 1428 4680 consul
1447 4631 1471 4677 in
