3286 5036
259 447 324 514 294
590 430 644 494 M.
671 430 844 497 TULLII
864 428 1126 500 CICERONIS

259 642 326 686 non
340 630 420 698 arte,
438 623 480 686 de
504 641 569 703 qua
590 622 669 704 quid
685 622 802 704 loquar
824 622 941 700 nescio,
958 623 1016 688 sed
1040 631 1132 686 motu
1156 643 1278 706 magno
1300 623 1401 688 animi
1417 643 1456 688 ac

259 726 380 801 dolore,
402 733 439 788 ut
461 724 678 789 discinderem
700 728 856 802 tunicam,
873 735 909 789 ut
927 727 1093 791 cicatrices
1108 728 1324 792 ostenderem.
1370 727 1456 792 Cum
1469 743 1526 789 loo

261 829 298 894 C.
316 830 440 893 Marius
456 848 638 892 maerorem
659 829 815 893 orationis
831 850 925 894 meae
940 849 1094 911 praesens
1115 851 1154 894 ac
1175 830 1294 894 sedens
1314 830 1455 894 multum

259 933 400 998 lacrimis
422 932 488 996 suis
503 931 673 996 adiuvaret
694 951 836 1013 cumque
852 953 915 1016 ego
937 931 1029 995 illum
1051 933 1165 997 crebro
1187 933 1360 1015 appellans
1382 954 1457 997 con-

230 1037 368 1120 slegam
389 1037 418 1100 ei
434 1056 531 1099 suurn
553 1036 820 1099 commendarem
841 1044 942 1116 atque
962 1037 1070 1117 ipsum
1085 1037 1282 1101 advocatum
1305 1037 1349 1101 ad
1368 1056 1457 1100 com-

259 1160 394 1203 munem
409 1141 642 1221 imperatorum
657 1137 823 1202 fortunam
843 1138 1085 1204 defendendam
1101 1141 1296 1216 invocarem,
1313 1160 1379 1203 non
1395 1139 1455 1204 fuit

257 1243 340 1308 haec
369 1243 440 1307 sine
469 1241 550 1305 meis
581 1240 730 1317 lacrimis,
762 1261 828 1305 non
859 1244 930 1306 sine
960 1242 1073 1307 dolore
1106 1238 1258 1330 [magno]
1289 1243 1454 1307 miseratio

259 1349 473 1429 omniumque
503 1346 639 1409 deorum
669 1355 703 1409 et
732 1344 905 1409 hominurn
935 1355 969 1411 et
995 1348 1114 1411 civium
1142 1357 1175 1412 et
1204 1350 1367 1413 sociorum
1393 1349 1454 1411 im·

259 1451 419 1540 plorati03
443 1451 562 1532 quibus
581 1450 735 1513 omnibus
749 1451 865 1526 verbis,
882 1470 1002 1532 quaea
1025 1471 1079 1514 me
1098 1458 1170 1514 tum
1191 1461 1267 1516 sunt
1288 1451 1411 1526 habita,
1427 1453 1454 1515 si

216 1578 246 1613 10
259 1553 354 1619 dolor
374 1553 510 1618 afuisset
532 1574 634 1628 meus
650 1573 717 1616 non
739 1554 840 1616 modo
863 1572 929 1616 non
952 1553 1156 1631 miserabilis,
1174 1555 1233 1618 sed
1257 1556 1357 1619 etiam
1379 1556 1454 1618 inri-

259 1658 369 1722 denda
385 1657 500 1721 fuisset
515 1657 620 1719 oratio
640 1676 723 1720 mea.
767 1655 880 1739 Quam
894 1656 938 1719 ob
953 1676 1023 1719 rem
1038 1656 1101 1720 hoc
1116 1678 1175 1721 vos
1191 1658 1304 1737 doceo,
1321 1657 1454 1741 Sulpici,

258 1761 365 1825 bonus
381 1781 443 1843 ego
458 1759 610 1824 videlicet
626 1767 726 1841 atque
741 1761 888 1824 eruditus
904 1760 1068 1842 magister,
1084 1769 1122 1825 ut
1141 1761 1175 1823 in
1196 1760 1336 1825 dicendo
1352 1762 1453 1839 irasci,

259 1872 297 1928 ut
322 1864 443 1941 dolere,
469 1873 506 1927 ut
532 1862 610 1926 flere
635 1862 778 1944 possitis.
823 1862 1036 1945 Quamquam
1063 1871 1097 1927 te
1123 1865 1258 1946 quidem
1286 1865 1366 1946 quid
1391 1864 1454 1929 hoc
1466 1884 1519 1933 19⁷

259 1970 407 2042 doceam,
434 1968 490 2049 qui
516 1967 550 2029 in
575 1967 762 2030 accusando
787 1966 894 2030 sodali
918 1987 993 2030 meo
1019 1976 1150 2031 tantum
1175 1970 1363 2033 incendium
1387 1989 1453 2032 non

216 2098 245 2150 15
259 2073 407 2135 oratione
433 2069 548 2148 solum,
572 2069 631 2133 sed
655 2070 756 2132 etiam
778 2069 883 2134 multo
906 2071 1012 2152 magis
1030 2071 1062 2134 vi
1085 2079 1119 2134 et
1143 2071 1258 2135 dolore
1280 2081 1314 2136 et
1338 2073 1454 2137 ardore

258 2177 359 2239 animi
374 2175 563 2251 concitatas,
578 2183 615 2237 ut
635 2193 698 2255 ego
718 2173 762 2236 ad
783 2172 817 2235 id
837 2173 1107 2256 restinguendum
1125 2175 1184 2236 vix
1207 2195 1343 2239 conarer
1364 2195 1456 2239 acce·

183 2363 184 2366 Ἴ
258 2277 358 2342 dere?
397 2277 573 2340 Habueras
588 2277 676 2339 enim
691 2284 727 2339 tu
744 2275 855 2339 omnia
870 2275 903 2338 in
919 2295 1018 2340 causa
1029 2278 1218 2359 superiora:
1241 2279 1318 2357 vim,
1333 2278 1455 2362 fugam,

257 2381 505 2465 lapidationem,
522 2379 752 2444 crudelitatem
767 2379 975 2444 tribuniciam
991 2380 1024 2442 in
1042 2377 1220 2462 Caepionis
1234 2382 1327 2464 gravi
1342 2382 1455 2445 miser·

258 2486 402 2567 abilique
420 2505 498 2549 casu
519 2484 553 2547 in
573 2483 729 2547 iudicium
744 2482 905 2560 vocabas3
932 2483 1052 2548 deinde
1075 2484 1257 2566 principem
1273 2493 1306 2548 et
1322 2495 1455 2549 senatus

214 2619 245 2655 πο
258 2598 292 2654 et
314 2588 465 2664 civitatis,
483 2587 531 2650 M.
547 2585 741 2660 Aemilium,
765 2585 876 2668 lapide
899 2606 1091 2669 percussum
1114 2608 1187 2653 esse
1205 2589 1401 2666 constabat;
1423 2589 1455 2652 vi

257 2693 390 2776 pulsum
417 2713 437 2756 e
462 2690 589 2773 templo
620 2690 659 2755 L.
684 2688 820 2755 Cottam
847 2698 881 2755 et
908 2689 948 2755 T.
972 2690 1119 2766 Didium,
1148 2711 1224 2756 cum
1254 2693 1456 2758 intercedere

290 2864 313 2918 7.
332 2855 383 2919 [ma
431 2851 443 2917 ]
463 2850 683 2967 ⁰¹¹¹pA¹³75dl¹²⁰l
701 2851 774 2965 K.md
859 2864 897 2900 12.
918 2861 944 2899 ut
959 2851 983 2898 in
999 2852 1219 2966 &mg-pansi?
1236 2858 1301 2902 recte
1314 2852 1456 2966 'suspicptur

255 2921 1019 3050 institnn10¹²{35¹lin15..1i..‘513...1.1<¹.⁴·
1039 2934 1063 2966 ⁸⁰
1105 2935 1127 2966 ⁸·
1150 2933 1180 2966 ⁰⁰
1216 2924 1320 2966 '‘m''
1343 2920 1417 2968 Μ’
1434 2928 1455 2966 ”

291 3131 312 3166 1.
328 3132 387 3166 non
401 3121 476 3166 erte:
490 3114 632 3178 Quintilian
644 3114 687 3176 (vi.
702 3128 723 3166 1.
736 3115 829 3178 37-49)
881 3114 924 3163 the
935 3113 994 3178 only
1004 3113 1161 3178 magistrates
1172 3113 1202 3163 of
1209 3113 1252 3164 the
1267 3119 1339 3175 state,
1351 3114 1401 3164 and
1413 3114 1456 3165 the

256 3182 314 3232 well
325 3183 408 3245 points
420 3187 463 3230 ont
472 3180 514 3230 the
524 3181 617 3245 danger
627 3180 656 3229 of
664 3181 725 3230 such
733 3181 831 3230 devices
880 3179 955 3228 latter
976 3195 1039 3229 were
1062 3179 1105 3228 the
1127 3179 1195 3229 chief
1213 3179 1343 3228 assistants
1365 3180 1395 3229 of
1413 3179 1456 3230 the

256 3247 387 3309 becoming
397 3246 531 3295 ridiculons
542 3245 564 3293 if
572 3245 789 3296 over-elaborated.
881 3245 972 3294 former
989 3244 1150 3307 (Mommsen,
1162 3245 1192 3294 R.
1209 3244 1245 3295 St.
1262 3245 1289 3293 ii.
1307 3246 1376 3307 504).
1409 3244 1455 3294 See

291 3327 313 3360 a.
330 3318 360 3360 ut
371 3314 568 3370 discinderem,
582 3312 692 3374 ‘tearing
702 3309 831 3375 open,'ex·
882 3309 976 3359 Introd.
994 3325 1019 3374 p.
1033 3321 1071 3369 14.
1104 3310 1159 3358 The
1175 3310 1244 3373 gloss
1263 3309 1298 3373 [et
1314 3309 1454 3374 quaestore]

255 3377 388 3442 planatory
398 3375 428 3425 of
438 3377 498 3424 fua:
516 3375 628 3440 Madvig,
643 3382 655 3436 ς
669 3388 717 3439 374
724 3391 732 3437 ;
748 3376 829 3440 Roby,
881 3376 903 3424 is
915 3375 991 3451 found
1002 3375 1028 3423 in
1039 3390 1072 3423 no
1083 3375 1152 3439 good
1163 3374 1217 3424 MS.
1230 3375 1279 3424 aud
1290 3375 1312 3425 is
1326 3375 1454 3425 doubtless

286 3456 356 3492 100.
880 3455 1000 3489 sunons.

258 3449 314 3570 537.
335 3520 526 3564 praenomen
547 3509 655 3566 sedens,
679 3521 695 3554 a
720 3504 782 3555 kind
804 3505 834 3555 of
892 3455 947 3566 p15.
960 3507 1095 3564 emtione,
1103 3505 1143 3556 i.e.
1151 3504 1195 3555 the
1205 3504 1454 3570 langnngensedwi,

255 3573 377 3624 technical
385 3571 526 3636 expression
534 3571 573 3620 lor
580 3572 623 3621 the
633 3571 742 3635 position
751 3571 780 3620 of
788 3571 830 3620 the
881 3571 1012 3634 ‘passion'

255 3638 398 3698 ‘advocati'
410 3638 467 3687 who
480 3653 543 3688 were
552 3643 648 3701 present
659 3643 686 3686 to
698 3637 756 3686 lend
767 3637 831 3686 their
915 3646 953 3698 17.
973 3639 1067 3685 omnia
1085 3637 1237 3693 superiora,
1256 3635 1414 3699 ‘everything
1430 3634 1455 3684 in

255 3711 422 3755 countenance
436 3702 484 3752 and
499 3710 601 3767 support
612 3710 639 3752 to
656 3702 698 3753 the
713 3703 829 3753 accused:
879 3716 941 3765 your
951 3700 1052 3752 favour!

255 3771 377 3819 ‘incourt
388 3769 436 3818 and
452 3769 597 3833 supporting
611 3767 680 3819 him)
714 3769 830 3832 Aquilius
915 3779 953 3831 19.
976 3769 1148 3824 prinoipem:
1165 3765 1216 3816 this
1231 3780 1292 3828 goes
1308 3770 1335 3814 to
1352 3763 1455 3815 confirm

255 3835 307 3884 had
321 3835 382 3883 been
394 3833 523 3898 colleague
534 3835 564 3883 of
573 3834 668 3883 Marius
679 3834 704 3883 in
720 3833 760 3883 his
774 3833 830 3883 fifth
880 3831 1039 3880 Mommsen's
1055 3832 1118 3880 view
1134 3831 1164 3880 of
1171 3830 1214 3880 the
1230 3831 1280 3879 real
1296 3832 1412 3895 meaning
1428 3830 1459 3880 of

256 3899 406 3962 consulship,
418 3914 463 3947 nc.
477 3911 531 3948 101.
880 3896 922 3945 the
945 3896 1001 3947 title
1022 3898 1141 3958 Princeps,
1163 3911 1190 3945 as
1215 3897 1330 3946 assumed
1354 3898 1388 3960 by
1412 3895 1455 3944 the

290 3977 313 4026 5.
330 3979 426 4012 mum:
443 3963 524 4027 Roby,
538 3969 551 4022 ς
565 3961 637 4022 2265.
880 3961 1021 4026 Emperors.
1049 3962 1096 4026 Cp.
1109 3962 1181 4010 Rom.
1192 3959 1228 4011 St.
1242 3962 1268 4010 ii.
1281 3978 1306 4025 p.
1317 3974 1372 4024 734.
1400 3961 1456 4010 Pel-

291 4043 328 4076 12.
346 4031 487 4088 videlicet,
499 4035 526 4077 to
543 4028 615 4093 point
631 4027 673 4077 the
687 4027 758 4089 irony
769 4027 830 4076 with
879 4027 939 4076 ham
951 4028 976 4076 in
987 4027 1091 4092 Journal
1103 4027 1133 4076 of
1141 4026 1283 4090 Philology,
1294 4027 1346 4076 viii.
1358 4040 1406 4088 323
1418 4026 1443 4075 ff.

256 4093 337 4143 which
360 4093 483 4142 Antonius
511 4093 600 4158 speaks
624 4091 655 4140 of
677 4092 779 4141 himself
803 4109 831 4142 as
915 4106 953 4144 21.
971 4095 1084 4153 templo,
1099 4096 1128 4141 ‘a
1141 4091 1299 4141 consecrated
1310 4091 1394 4156 spot:’
1411 4091 1454 4140 i.e.

256 4175 272 4208 a
284 4159 380 4207 ‘bonus
397 4165 423 4208 et
439 4158 548 4207 eruditus
565 4158 698 4220 magister,'
714 4157 756 4207 the
772 4173 830 4221 very
880 4156 923 4207 the
945 4164 1038 4206 rostra:
1056 4173 1094 4220 cp.
1112 4157 1167 4205 Liv.
1184 4157 1236 4205 viii.
1257 4169 1294 4217 14.
1317 4170 1345 4204 12
1366 4158 1454 4206 ‘naves

256 4224 383 4274 character
392 4223 474 4273 which
485 4223 517 4272 he
533 4223 579 4272 has
595 4223 657 4272 been
673 4223 830 4288 disclaiming
879 4222 1020 4272 Antiatium
1036 4221 1127 4285 partim
1139 4223 1164 4271 in
1180 4221 1279 4270 navalia
1290 4222 1387 4270 Romae
1399 4222 1455 4270 sub·

255 4290 415 4354 throughout.
490 4291 497 4300 “
878 4286 967 4337 ductae
984 4289 1074 4352 partim
1090 4288 1209 4347 incensae,
1222 4287 1354 4352 rostrisque
1370 4302 1455 4336 earnm

290 4370 328 4419 14.
346 4357 444 4405 sodali.
477 4353 532 4430 The
543 4359 658 4417 quaestor
673 4367 725 4429 was
736 4351 829 4416 always
878 4360 1021 4429 suggestum
1045 4353 1070 4401 in
1095 4354 1150 4429 foro
1174 4360 1311 4402 extructum
1339 4351 1453 4436 adomari

254 4417 829 4549 stillim?differendi..3131
877 4417 1454 4548 lliltgtibtltzlinphtnnlrssn

255 4553 339 4600 whom
349 4551 382 4600 he
397 4551 490 4608 served,
502 4566 518 4598 a
534 4549 594 4600 relic
610 4548 732 4612 probably
742 4547 771 4596 of
784 4547 828 4596 the
876 4553 977 4611 postero
993 4546 1063 4605 die;¹
1081 4549 1116 4598 iii.
1131 4559 1169 4610 17.
1189 4562 1200 4596 1
1220 4549 1263 4597 ιΡ.
1280 4547 1394 4597 Valerius
1407 4586 1413 4597 .
1426 4583 1453 4596 ..

255 4618 327 4667 times
339 4623 365 4666 at
376 4616 458 4667 which
466 4615 564 4667 consuls
570 4613 620 4664 and
628 4621 755 4680 quaestors
764 4628 827 4663 were
876 4628 903 4663 se
919 4628 950 4664 ex
966 4614 1034 4665 curia
1050 4614 1165 4679 proripit,
1177 4613 1235 4663 inde
1247 4612 1273 4662 in
1289 4613 1409 4678 templum
1420 4612 1455 4662 ad
