3286 5036
578 447 649 510 os
674 445 908 510 censores
930 446 982 510 rr.
1318 465 1381 532 343

181 637 309 701 doctior
324 657 381 720 per
396 646 439 716 te,
455 645 526 701 tum
543 636 644 701 etiam
660 635 815 700 audacior
832 635 938 699 factus
954 635 1019 698 iam
1035 635 1078 698 ad
1095 634 1289 712 iocandum3
1313 652 1379 697 non

181 743 267 804 enim
280 762 394 805 vereor
405 763 447 805 ne
458 741 532 823 quis
544 761 598 803 me
609 741 642 803 in
654 741 717 804 isto
729 759 848 822 genere
860 739 1015 802 leviorem
1027 741 1091 802 iam
1105 748 1208 821 putet,
1222 741 1379 821 quoniam

181 847 316 928 quidem
340 855 376 909 tu
400 846 567 910 Fabricios
591 844 671 907 mihi
693 853 844 907 auctores
867 853 900 906 et
922 843 1105 920 Africanos,
1123 843 1300 918 Maximos‚
1319 841 1381 905 Ca·

114 965 167 1012 291
181 959 287 1026 tones,
313 949 460 1032 Lepidos
488 948 663 1031 protulisti.
711 947 779 1012 Sed
803 947 934 1009 habetis
958 968 1005 1025 ea,
1027 967 1112 1029 quae
1135 947 1234 1010 voltis
1260 968 1303 1009 ex
1328 966 1382 1008 me

181 1055 304 1132 audire,
331 1054 374 1116 de
397 1053 516 1134 quibus
539 1052 672 1134 quidem
696 1052 884 1115 adcuratius
907 1052 1082 1115 dicendum
1108 1060 1141 1114 et
1168 1053 1409 1132 cogitandum5

182 1157 266 1234 fuit3
298 1177 375 1220 nam
401 1166 509 1220 cetera
533 1155 677 1220 faciliora
699 1163 776 1218 sunt
798 1164 899 1237 atque
926 1177 968 1218 ex
994 1157 1049 1229 eis,
1073 1175 1160 1237 quae
1184 1157 1273 1219 dicta
1297 1163 1381 1232 sunt,

119 1259 168 1327 72
183 1262 307 1344 reliqua
322 1269 500 1325 nascuntur
514 1260 636 1323 omnia.
668 1259 742 1342 Ego
758 1259 846 1321 enim
862 1279 936 1322 cum
952 1260 994 1322 ad
1010 1280 1143 1323 causam
1159 1280 1232 1322 sum
1248 1260 1381 1340 adgres-

182 1387 237 1428 sus
259 1374 360 1446 atque
380 1365 491 1427 omnia
512 1364 698 1444 cogitando,
722 1363 832 1444 quoad
852 1361 959 1425 iacere
974 1363 1075 1445 potui,
1092 1372 1291 1444 persecutus,
1307 1381 1382 1426 cum

182 1479 217 1532 et
238 1477 433 1550 argumenta
452 1488 569 1531 causae
592 1476 625 1530 et
648 1487 705 1530 eos
721 1467 819 1540 locos,
836 1467 955 1548 quibus
967 1466 1071 1529 animi
1088 1467 1233 1529 iudicum
1250 1465 1382 1529 concili-

182 1583 287 1649 antur,
304 1582 337 1636 et
353 1572 435 1650 ilios,
451 1565 570 1654 quibus
593 1581 835 1654 permoventur,
850 1571 917 1633 vidi
937 1579 1039 1651 atque
1055 1569 1202 1650 cognovi,
1217 1578 1289 1633 tum
1306 1591 1383 1633 con·
1399 1595 1430 1632 10

121 1675 126 1684 '
182 1677 284 1739 stituo
308 1677 387 1757 quid
411 1675 533 1739 habeat
556 1696 655 1738 causa
679 1695 831 1756 quaeque
854 1675 940 1752 boni,
957 1675 1036 1756 quid
1060 1673 1158 1750 mali;
1182 1674 1271 1737 nulla
1295 1675 1383 1736 enim

181 1780 249 1843 iere
279 1789 389 1862 potest
420 1801 472 1842 res
502 1781 535 1842 in
566 1780 697 1843 dicendi
732 1779 1007 1859 disceptationem
1038 1786 1096 1840 aut
1126 1778 1382 1840 controversiam

180 1885 298 1962 vocari,
328 1904 415 1965 quae
445 1904 510 1945 non
540 1883 661 1946 habeat
693 1891 878 1963 utrumque,
907 1883 974 1958 sed,
1001 1891 1162 1964 quantum
1193 1881 1324 1960 habeat,
1348 1882 1383 1945 id

113 1993 168 2045 292
182 1988 278 2051 refert
291 2013 299 2065 ;
324 2008 397 2050 mea
413 1996 525 2050 autern
541 1988 624 2050 ratio
641 1985 722 2049 haec
738 2006 809 2048 esse
824 1988 857 2048 in
873 1987 1015 2049 dicendo
1027 1984 1123 2063 solet,
1135 1994 1181 2064 ut,
1197 1986 1275 2048 boni
1292 1987 1383 2067 quod

180 2089 311 2164 habeat,
340 2091 373 2153 id
400 2089 592 2172 amplectar,
615 2109 783 2167 exornem,
808 2109 1017 2171 exaggerem,
1045 2089 1089 2151 ibi
1116 2110 1310 2164 commorer,
1337 2089 1382 2152 ibi
1398 2081 1427 2160 1'5

181 2193 338 2271 habitem,
351 2194 396 2255 ibi
409 2192 583 2271 haeream;
605 2215 625 2256 a
642 2193 729 2256 malo
745 2202 856 2256 autem
867 2195 1013 2275 vitioque
1026 2213 1142 2256 causae
1158 2195 1205 2256 ita
1220 2193 1383 2271 recedam,

181 2318 248 2360 non
265 2306 301 2360 ut
316 2299 349 2360 id
368 2317 421 2360 me
437 2297 552 2379 sugere
567 2305 736 2378 appareat,
753 2298 812 2359 sed
828 2306 865 2360 ut
881 2306 989 2360 totum
1008 2296 1096 2360 bono
1113 2297 1170 2359 illo
1186 2297 1333 2360 ornando
1349 2307 1383 2361 et
1417 2381 1418 2384 Ἴ

181 2401 335 2481 augendo
358 2400 602 2463 dissimulatum
626 2401 803 2478 obruatur3
827 2409 870 2477 et,
888 2402 914 2463 si
938 2421 1037 2464 causa
1053 2410 1104 2464 est
1120 2401 1152 2462 in
1168 2401 1382 2482 argumentis,

181 2504 368 2567 firmissima
392 2524 542 2586 quaeque
566 2505 713 2567 maxime
733 2513 836 2581 tueor,
852 2505 919 2567 sive
940 2504 1035 2586 plura
1058 2512 1135 2566 sunt
1158 2506 1226 2568 sive
1247 2504 1383 2586 aliquod

182 2627 306 2684 unum;
329 2609 379 2670 sin
398 2617 510 2670 autem
534 2607 567 2670 in
590 2607 819 2671 conciliatione
841 2616 898 2671 aut
921 2609 954 2670 in
977 2608 1183 2689 permotione
1202 2629 1300 2672 causa
1324 2616 1383 2682 est,
1398 2637 1429 2672 20

180 2713 223 2774 ad
248 2732 321 2774 eam
345 2732 398 2774 me
421 2713 631 2793 potissimum
654 2721 792 2794 partem,
816 2731 903 2793 quae
926 2711 1074 2774 maxime
1101 2732 1232 2775 movere
1254 2712 1383 2775 animos

14 2836 15 2863 ³
112 2814 354 2900 zoahominum
377 2823 498 2896 potest,
520 2815 659 2879 confero.
706 2814 846 2879 Summa
868 2816 1010 2897 denique
1031 2814 1128 2878 huius
1150 2817 1279 2897 generis
1299 2815 1383 2880 haec

14 2901 15 2908 ἵ
181 2930 241 2998 est,
257 2930 293 2983 ut
309 2923 337 2983 si
353 2920 385 2981 in
403 2919 581 2983 refellendo
596 2921 782 2983 adversario
795 2919 919 2983 firmior
934 2940 1005 2982 esse
1021 2920 1126 2983 oratio
1143 2940 1242 3002 quam
1258 2920 1292 2981 in
1308 2939 1385 2983 con-

184 3087 205 3122 1.
222 3074 269 3121 iam
279 3073 339 3136 Aby
351 3073 403 3123 KS.
414 3089 466 3121 sum
477 3073 505 3124 P.
571 3089 594 3137 4.
612 3075 680 3121 voltis
691 3074 717 3122 K
729 3089 785 3122 cum
797 3073 869 3122 codd.
882 3080 943 3122 mut.
955 3089 959 3121 :
972 3074 1076 3122 voluistis
1087 3072 1133 3124 PS.
1202 3085 1240 3124 21.
1258 3088 1347 3122 movere
1358 3073 1386 3122 K

554 3153 610 3186 cum
622 3139 694 3188 codd.
707 3145 767 3188 mut.
780 3155 921 3188 commovere
936 3138 983 3188 PS.

181 3287 254 3321 vero:
282 3278 308 3320 et
330 3270 430 3336 quidem
456 3271 515 3320 iecit
541 3271 617 3320 etiam
644 3270 692 3321 iste
717 3287 758 3320 me
809 3272 918 3334 78,113.
946 3273 1057 3321 dicendi
1068 3273 1089 3320 is
1100 3288 1131 3321 an
1143 3270 1305 3336 explanatory
1315 3271 1385 3335 geni·

181 3338 296 3402 epilogus
321 3337 470 3387 firmiorem.¹
505 3336 574 3386 Brut.
596 3350 618 3397 5.
639 3351 665 3384 21
686 3337 757 3400 ‘Ego
808 3339 866 3392 tive,
878 3336 986 3401 defining
998 3338 1040 3386 the
1051 3346 1137 3388 nature
1150 3337 1179 3386 of
1192 3337 1234 3386 the
1251 3337 1385 3400 disceptatio

180 3419 247 3456 vero,
268 3403 376 3466 inquam,
397 3403 417 3450 si
438 3408 551 3462 potuero,
573 3401 664 3452 faciam
688 3403 757 3452 vobis
807 3403 865 3452 here
876 3405 1025 3453 mentioned.

182 3467 258 3518 satis!
293 3467 414 3531 Nigelsb.
426 3468 480 3517 Stil.
493 3484 517 3531 p.
531 3468 587 3530 548.
843 3467 881 3518 16.
899 3473 1041 3519 habitem:
1059 3469 1075 3518 i.
1087 3468 1127 3521 62.
1143 3470 1197 3532 264.
1209 3473 1355 3520 haeream:
1367 3469 1385 3517 i.

216 3548 237 3580 2.
250 3531 757 3597 quoniamquidsm=irroti1rep51223
809 3533 849 3597 38.
863 3545 917 3597 173.

182 3599 289 3664 Roby.§
308 3609 386 3662 1747;
405 3599 509 3648 Kiihner
525 3615 557 3648 on
574 3600 650 3648 Tusc.
667 3599 700 3647 iii.
720 3612 757 3664 ²7·
842 3601 880 3648 18.
906 3599 1124 3659 dissimulatum,
1143 3598 1301 3665 'disguised'
1334 3604 1384 3649 ob·

181 3665 221 3714 ot.
239 3665 263 3713 It
286 3664 353 3714 osten
377 3665 447 3714 takes
464 3665 506 3713 the
524 3665 595 3728 place
615 3665 645 3714 of
664 3668 758 3726 quando
807 3671 921 3714 rusius:
939 3665 982 3714 Or.
995 3674 1060 3730 part.
1072 3681 1095 3730 5.
1115 3682 1144 3730 15
1162 3667 1334 3715 ‘finnamenta
1352 3665 1384 3714 ad

181 3732 279 3792 quidem,
290 3730 374 3778 which
389 3730 410 3779 is
422 3731 470 3779 less
485 3745 601 3779 common
617 3731 642 3778 in
655 3730 757 3780 Cicero:
808 3729 884 3778 fidem
901 3730 983 3794 posita
1001 3739 1044 3780 aut
1061 3748 1104 3796 per
1119 3748 1145 3780 se
1156 3731 1273 3781 diluenda
1284 3739 1327 3780 aut
1339 3732 1384 3780 ob-

175 3796 226 3846 but
237 3811 275 3860 cp.
287 3796 322 3846 iii.
337 3810 374 3859 14.
387 3809 427 3859 54.
808 3795 927 3845 scuranda
954 3804 997 3846 aut
1025 3796 1218 3861 digressionibus
1242 3796 1385 3856 obruenda,’

216 3874 239 3923 3.
258 3863 418 3910 Fabricios:
436 3877 475 3925 cp.
486 3859 503 3910 i.
516 3865 528 3920 5
544 3875 590 3910 210
602 3861 691 3922 (note).
807 3861 825 3910 i.
833 3876 854 3909 e.
868 3868 934 3910 must
945 3861 976 3910 be
988 3864 1077 3912 caused
1089 3871 1116 3916 to
1128 3863 1158 3912 be
1170 3863 1302 3926 forgotten.

214 3939 237 3987 5.
256 3930 406 3984 dequibus
418 3930 545 3984 quidem:
563 3927 644 3990 Roby‚
659 3934 670 3986 ξ
687 3927 757 3992 1693.
840 3930 872 3975 in
913 3932 1095 3986 argumentis,
1128 3935 1185 3978 ‘are
1216 3929 1316 3993 turning
1351 3944 1383 3978 on

215 4006 254 4042 cc.
271 3995 370 4049 72-75,
388 3997 416 4052 ἐς
429 3995 562 4041 291-306.
598 3994 721 4048 Antonius,
733 3995 757 4041 in
807 3994 964 4056 arguments!

181 4059 301 4122 resumiag
320 4058 356 4106 iris
374 4057 497 4119 exposition
520 4059 549 4117 of
565 4057 674 4106 inventio
690 4058 758 4117 srom
843 4071 880 4106 21.
896 4058 1133 4116 movere‚‘affect‚'
1145 4058 1223 4109 either
1233 4059 1266 4123 by
1275 4059 1384 4124 winning

184 4127 196 4184 5
210 4122 266 4180 216,
274 4133 341 4171 stares
352 4127 401 4171 ttae
413 4121 620 4186 iefirstconsiders
629 4125 666 4170 tte
677 4134 758 4188 rnong
808 4138 836 4171 or
847 4124 880 4186 by
892 4125 1001 4188 exciting
1011 4125 1129 4174 emotion.

180 4190 256 4250 points
271 4190 301 4250 os
307 4189 343 4236 iis
354 4205 405 4237 own
417 4191 528 4238 cassand
537 4191 567 4249 of
573 4189 608 4236 tis
620 4187 758 4251 opponenr’s,
843 4203 881 4236 22.
902 4193 1018 4238 Summa
1028 4193 1114 4239 huius
1124 4195 1243 4250 generis,
1254 4195 1310 4254 ‘my
1327 4206 1385 4255 pro-

182 4255 306 4302 somerimes
322 4265 361 4301 noe
378 4255 484 4317 replying
500 4264 525 4302 at
541 4255 576 4303 all
590 4264 613 4302 eo
628 4259 664 4304 rte
680 4256 756 4313 latter,
808 4255 910 4318 ceeding
921 4271 948 4304 as
962 4271 977 4304 a
989 4256 1041 4304 rule
1054 4257 1079 4305 in
1090 4272 1158 4306 cases
1169 4257 1199 4305 of
1206 4258 1255 4306 this
1266 4254 1342 4304 kind.¹

183 4321 429 4384 undtaiingespeciai
437 4320 507 4383 pcins
522 4331 562 4368 nor
572 4331 595 4367 to
606 4321 707 4384 damage
722 4321 758 4369 lis·
841 4323 971 4378 denique,
990 4320 1048 4370 here
1075 4322 1126 4370 ‘in'
1141 4320 1227 4376 short:
1258 4322 1383 4384 summing

182 4401 300 4434 owncase.
337 4385 384 4433 The
402 4388 493 4448 danger
503 4386 580 4448 ostie
594 4387 664 4434 latter
679 4388 698 4433 is
709 4387 756 4435 dis·
807 4401 841 4451 up
859 4386 924 4435 what
941 4387 986 4434 has
1003 4393 1030 4435 to
1047 4388 1078 4435 be
1096 4387 1149 4435 snid
1167 4387 1244 4435 about
1260 4389 1318 4434 bono
1334 4386 1383 4435 and

182 4452 477 4514 cussedcndexempiified.
652 4491 654 4496 .
806 4455 881 4500 sitio:
899 4453 975 4501 hence
1000 4452 1042 4500 the
1065 4453 1174 4516 position
1194 4452 1223 4501 of
1242 4452 1337 4514 denique
1356 4467 1383 4500 as

217 4516 239 4565 8.
266 4531 330 4565 cum
343 4555 348 4566 .
361 4554 367 4566 .
380 4554 386 4566 .
399 4520 527 4574 cognovi,
547 4517 709 4582 explanatory
732 4515 761 4566 os
808 4517 898 4566 second
907 4518 975 4565 word
985 4517 1009 4564 in
1016 4517 1058 4566 the
1065 4523 1184 4577 sentence,
1194 4523 1238 4565 not
1246 4516 1306 4565 first.
1327 4517 1382 4566 The

183 4581 225 4631 the
237 4581 318 4630 clause
332 4598 384 4628 cum
396 4619 401 4631 .
415 4618 421 4631 .
434 4620 440 4631 .
451 4592 586 4644 persecutus.
808 4582 898 4631 second
908 4585 1002 4645 denique
1011 4583 1095 4645 brings
1104 4588 1131 4631 to
1140 4599 1155 4631 a
1164 4582 1305 4632 conclusion
1315 4583 1383 4634 what

219 4661 257 4696 12.
270 4650 513 4706 disceptationem,
532 4649 683 4698 'discussion
694 4646 713 4697 :¹
728 4651 757 4710 ξς
808 4647 854 4697 has
865 4655 891 4696 to
903 4648 934 4697 be
946 4647 1000 4697 said
1011 4648 1089 4698 about
1103 4649 1204 4698 inventio
1214 4647 1351 4712 generally.
