3286 5036
274 425 339 492 310
600 406 654 472 M.
680 405 855 472 rutrrr
877 403 1141 476 crcaaorvrs
1241 432 1245 439 ·

277 596 397 662 Crasso
421 595 557 678 paulum
586 593 786 675 inviderem;
816 616 895 661 nam
924 617 996 661 esse
1025 596 1177 678 quamvis
1202 593 1346 659 facetum
1371 602 1472 675 atque

275 699 398 764 salsum
429 719 495 762 non
525 700 623 763 nimis
655 709 706 765 est
736 720 795 783 per
827 721 864 764 se
899 701 1008 782 ipsum
1038 700 1274 778 invidendum;
1309 699 1367 761 sed
1396 717 1473 760 cum

276 805 425 867 omnium
447 805 489 866 sit
504 805 757 868 venustissimus
772 811 805 867 et
821 806 1067 880 urbanissimus,
1083 805 1231 868 omnium
1246 803 1473 885 gravissimum

277 915 312 970 et.
336 907 578 971 severissimum
601 917 634 972 et
660 928 733 972 esse
762 917 795 972 et
817 910 930 985 videri,
952 909 1042 992 quod
1072 909 1126 972 isti
1157 908 1296 990 contigit
1317 907 1383 981 uni,
1407 899 1471 992 [id]

247 1030 262 1080 s
277 1010 357 1074 mihi
372 1013 430 1074 vix
445 1012 619 1076 ferendum
632 1011 829 1076 videbatur.’
875 1013 940 1078 Hic
959 1033 1035 1076 cum
1055 1013 1225 1077 adrisisset
1240 1012 1311 1094 ipse
1327 1010 1473 1086 Crassus,
1486 1019 1540 1066 229

276 1118 334 1178 ‘ac
357 1112 491 1190 tamen‚'
509 1116 617 1198 inquit
639 1115 809 1180 Antonius
832 1119 931 1181 ‘cum
952 1126 1059 1182 artem
1083 1138 1154 1180 esse
1176 1115 1377 1191 facetiarum,
1401 1113 1473 1185 Iuli,

278 1214 412 1306 [ullam]
435 1239 581 1301 negares,
604 1222 761 1302 aperuisti
785 1221 956 1303 quiddam,
979 1221 1068 1304 quod
1095 1221 1362 1304 praecipiendum
1385 1218 1475 1281 vide-

277 1332 386 1388 retur:
423 1323 538 1386 haberi
566 1325 655 1387 enim
684 1324 799 1389 dixisti
834 1325 997 1390 rationem
1028 1335 1181 1408 oportere
1210 1324 1390 1399 hominum,
1420 1321 1474 1395 rei,

279 1428 447 1509 temporis,
470 1428 613 1509 nequid
636 1429 726 1492 iocus
749 1429 792 1492 de
813 1430 977 1511 gravitate
999 1429 1190 1511 decerperet
1202 1449 1209 1506 ;
1233 1426 1322 1509 quod
1342 1425 1476 1509 quidem

236 1554 267 1588 ιο
280 1532 314 1594 in
336 1530 450 1612 primis
472 1551 492 1593 a
516 1528 636 1594 Crasso
659 1531 823 1596 observari
845 1532 940 1597 solet.
986 1532 1054 1597 Sed
1074 1532 1138 1595 hoc
1155 1540 1368 1613 praeceptum
1383 1549 1478 1610 prae-

279 1634 566 1698 termittendarum
583 1644 633 1698 est
649 1635 850 1715 facetiarum,
862 1657 938 1700 curn
953 1637 1000 1700 eis
1016 1634 1096 1700 nihil
1112 1657 1195 1718 opus
1211 1637 1273 1712 sit3
1292 1655 1352 1698 nos
1368 1642 1478 1696 autem

280 1759 348 1821 quo
371 1740 472 1802 modo
495 1750 635 1817 utamur,
650 1760 726 1803 cum
748 1761 833 1823 opus
855 1741 906 1819 sit,
928 1742 1125 1824 quaerimus,
1141 1749 1179 1804 ut
1201 1741 1235 1803 in
1257 1738 1479 1803 adversarium

280 1853 315 1910 et
338 1843 494 1922 maxime,
517 1845 543 1908 si
568 1845 638 1908 eius
661 1844 801 1909 stultitia
822 1846 945 1928 poterit
964 1846 1104 1928 agitari;
1132 1847 1166 1910 in
1188 1853 1308 1910 testem
1330 1842 1479 1911 stultum,

281 1949 448 2032 cupidum,
463 1948 579 2025 levem,
598 1949 625 2013 si
647 1949 742 2014 facile
756 1949 907 2014 homines
922 1951 1065 2016 audituri
1080 1949 1288 2014 videbuntur.
1334 1947 1479 2012 Omnino
1492 1957 1549 2003 230
1632 2017 1633 2020 ¹

239 2077 269 2130 15
282 2053 504 2137 probabiliora
534 2063 619 2131 sunt,
645 2074 731 2135 quae
761 2054 902 2119 lacessiti
933 2055 1073 2119 dicimus
1103 2074 1203 2135 quam
1234 2074 1320 2135 quae
1348 2052 1480 2134 priores,

282 2178 360 2221 nam
376 2166 411 2221 et
426 2158 547 2242 ingenii
562 2158 713 2222 celeritas
734 2160 838 2222 maior
860 2168 919 2235 est,
936 2179 1022 2242 quae
1037 2166 1175 2241 apparet
1190 2159 1224 2221 in
1240 2154 1478 2238 respondendo,

282 2271 317 2325 et
334 2260 550 2325 humanitatis
573 2272 624 2326 est
646 2263 835 2345 responsio;
858 2263 1009 2327 videmur
1024 2265 1112 2326 enim
1129 2262 1270 2344 quieturi
1294 2259 1401 2333 fuisse,
1417 2255 1479 2320 nisi

282 2385 428 2428 essemus
450 2365 600 2444 lacessiti,
619 2375 655 2431 ut
677 2368 712 2429 in
735 2368 799 2430 ista
821 2368 893 2449 ipsa
914 2369 1069 2432 contione
1091 2366 1173 2429 nihil
1194 2365 1261 2429 fere
1283 2365 1480 2428 dictumest

281 2469 326 2532 ab
345 2468 417 2547 hoc,
436 2471 525 2552 quod
548 2473 684 2552 quidem
706 2469 843 2536 facetius
866 2472 992 2535 dictum
1009 2473 1182 2547 videretur,
1203 2470 1293 2551 quod
1317 2487 1382 2530 non
1404 2486 1479 2548 pro·

238 2581 419 2638 sevocatus
449 2575 675 2655 responderit;
713 2585 783 2639 erat
812 2585 925 2640 autem
954 2585 1050 2641 tanta
1085 2577 1118 2638 in
1149 2575 1299 2638 Domitio
1327 2571 1480 2654 gravitas,

282 2684 378 2739 tanta
404 2678 590 2756 auctoritas,
611 2682 665 2754 ut,'
681 2679 771 2760 quod
798 2688 885 2743 esset
911 2679 954 2742 ab
980 2699 1021 2743 eo
1044 2679 1222 2752 obiectum,
1242 2676 1353 2759 lepore
1377 2673 1483 2754 magis
1632 2743 1633 2768 ,

283 2778 481 2844 elevandum
516 2802 618 2864 quam
651 2784 863 2847 contentione
898 2782 1118 2864 frangendum
1153 2777 1338 2845 videretur!
1392 2775 1480 2839 Tum
1495 2773 1547 2840 5⁷

285 2882 450 2966 Sulpicius
466 2887 566 2968 ‘quid
588 2884 708 2968 igitur?
730 2883 913 2970 patiemur'
931 2887 1039 2970 inquit
1059 2890 1066 2918 ‘
1083 2886 1269 2962 Caesarem,
1287 2859 1549 2968 quiquam-231

283 3009 384 3075 quam
401 2987 520 3054 Crasso
535 2989 670 3055 facetias
685 2991 846 3070 concedit,
861 3000 974 3055 tamen
997 2991 1103 3056 multo
1126 2993 1159 3055 in
1182 3011 1222 3054 eo
1244 2989 1354 3054 studio
1377 2985 1482 3068 magis

382 3200 399 3248 4
423 3187 519 3251 contigit
532 3185 593 3248 ΑΜ
605 3185 637 3237 nl.
649 3185 713 3249 plur.
727 3185 780 3236 PS:
793 3187 907 3252 condngtt
919 3186 954 3240 K.
1052 3189 1079 3236 td
1088 3201 1138 3236 om.
1149 3185 1223 3236 codd.
1235 3184 1285 3234 sere
1296 3198 1390 3234 omnes.

320 3379 341 3414 2.
358 3379 423 3413 oum
435 3367 482 3422 sit,
494 3364 582 3413 ‘when
593 3381 609 3414 a
623 3379 682 3413 man
693 3363 714 3414 is
724 3364 746 3414 ι’
761 3363 779 3413 i.
791 3365 815 3413 8.
828 3378 861 3426 30
912 3363 1047 3414 coniuratis
1056 3369 1081 3412 et
1088 3364 1121 3413 ab
1129 3363 1249 3427 religione
1255 3361 1357 3412 remotis
1368 3360 1485 3425 [testibus

286 3431 384 3491 (note);
401 3430 432 3477 sis
455 3430 510 3490 (Or.
529 3429 622 3492 Heur.)
640 3430 686 3478 has
705 3446 764 3494 very
784 3429 861 3494 slight
911 3445 963 3478 non
974 3429 1048 3478 debet
1064 3426 1272 3492 credereiudex].’

283 3496 411 3559 authority
421 3495 486 3545 here.
946 3509 985 3558 15.
1000 3497 1197 3553 probabiliora,
1210 3501 1216 3521 ¹
1229 3489 1485 3557 moreacceptablez’

318 3578 342 3625 4.
363 3562 426 3626 [id],
436 3560 542 3612 omitted
552 3560 586 3625 by
597 3559 631 3611 all
642 3559 710 3625 good
722 3560 795 3612 MSS.
911 3560 929 3612 i.
948 3561 986 3609 28.
1001 3563 1046 3609 128
1059 3561 1156 3622 (note);
1175 3560 1275 3623 ‘Quint
1287 3560 1321 3608 vi.
1332 3574 1355 3618 3.
1369 3571 1397 3619 15
1412 3561 1485 3606 ‘sunt

319 3627 342 3678 6.
365 3643 398 3678 ao
423 3634 535 3677 tamen:
562 3628 610 3691 (sic
629 3628 700 3691 Αγ)ι
725 3643 765 3692 cp.
783 3627 800 3678 i.
820 3641 860 3690 3²·
911 3626 978 3675 enim
994 3625 1071 3689 longe
1082 3627 1224 3675 venustiora
1242 3625 1325 3675 omnia
1342 3623 1368 3672 in
1384 3638 1485 3687 respou-

289 3695 336 3757 148
349 3694 441 3756 (note).
909 3691 1000 3752 dendo,
1012 3707 1088 3756 quam
1099 3691 1125 3740 in
1137 3690 1313 3754 provocando!

319 3769 342 3822 7.
362 3758 473 3823 [ullam]
492 3759 604 3823 Madvig,
617 3758 681 3807 Adv.
699 3759 762 3809 crit.
780 3759 807 3808 ii.
818 3755 859 3823 96,
947 3768 983 3821 17.
995 3761 1194 3807 numanitatis:
1206 3757 1246 3808 i.e.
1254 3757 1275 3805 it
1286 3755 1307 3805 is
1314 3755 1359 3803 but
1366 3753 1465 3804 natural
1477 3771 1482 3803 :

284 3825 378 3887 rejects,
393 3841 425 3874 on
437 3826 480 3874 the
490 3825 588 3889 ground
599 3825 654 3873 that
665 3825 729 3872 ullus
740 3825 790 3874 aud
801 3827 860 3887 quis-
910 3837 949 3887 cp.
963 3829 975 3882 5
989 3822 1029 3871 86.

284 3907 355 4003 paam
370 3905 443 3938 never
462 3890 566 3954 precede
584 3889 626 3938 the
648 3891 776 3952 negative:
798 3890 860 3951 Aby
945 3904 984 3940 20.
992 3891 1184 3946 responderit:
1205 3887 1287 3950 Roby,
1302 3883 1397 3950 §1698
1409 3883 1488 3934 Sorof

303 3970 349 4003 ave
360 3955 434 4003 tellum
445 3956 491 4003 but
502 3961 546 4003 not
557 3956 611 4018 Jali
620 3970 626 4004 ι
643 3953 720 4003 hence
737 3955 757 4003 it
771 3955 792 4003 is
803 3971 859 4018 pro·
910 3956 955 4016 (on
963 3955 980 4003 i.
991 3970 1013 4018 3.
1025 3955 1066 4015 10)
1075 3955 1121 4002 has
1129 3953 1229 4003 noticed
1236 3952 1291 4002 that
1299 3949 1340 4000 the
1349 3949 1412 4014 conj.
1423 3949 1484 4015 perf.

285 4019 360 4070 bable
375 4020 431 4068 that
447 4019 489 4068 the
506 4021 597 4069 former
614 4019 635 4068 is
652 4020 784 4083 corrupted
794 4020 859 4069 from
909 4020 930 4068 is
940 4021 1032 4084 always
1039 4019 1154 4068 usedina
1166 4019 1267 4068 relative
1278 4016 1368 4076 clause,
1378 4015 1485 4080 depend-

285 4083 329 4134 the
347 4085 428 4134 latter.
475 4085 543 4134 Bake
566 4083 651 4146 rejects
672 4085 734 4147 Jutt,
754 4085 859 4134 because
910 4086 953 4150 ing
964 4085 1148 4149 onanegative
1163 4091 1220 4148 past
1231 4091 1313 4133 tense:
1331 4098 1370 4145 cp.
1385 4086 1397 4140 5
1412 4079 1467 4131 161.

286 4150 379 4200 Caesar
396 4151 417 4198 is
435 4156 480 4198 not
497 4165 526 4198 so
540 4149 673 4199 addressed
690 4149 822 4200 elsewhere
834 4151 859 4199 in
945 4165 984 4213 23.
1001 4154 1071 4208 quid
1081 4151 1187 4209 igitur?
1209 4149 1271 4198 This
1283 4148 1371 4213 phrase
1386 4145 1486 4210 usually

285 4215 336 4265 this
347 4216 429 4265 book:
448 4215 493 4264 but
504 4231 543 4280 cp.
558 4222 570 4274 ξ
585 4227 640 4277 ²35·
910 4215 1027 4280 precedes
1054 4233 1070 4265 a
1098 4216 1211 4280 question
1242 4214 1324 4264 which
1347 4218 1445 4277 expects
1470 4229 1486 4262 a

318 4285 472 4337 videretur,
502 4288 530 4330 at
554 4281 597 4329 the
624 4282 685 4330 time
710 4281 782 4330 when
810 4297 860 4344 you
910 4283 1025 4345 negative
1047 4297 1148 4338 answer,
1173 4281 1261 4330 andis
1285 4280 1353 4329 often
1377 4277 1436 4326 used
1458 4276 1486 4326 iu

285 4347 378 4413 spoke:
396 4363 434 4413 cp.
450 4353 462 4407 ς
476 4348 506 4396 8:
525 4349 616 4395 viderur
631 4346 715 4395 would
732 4346 762 4396 of
774 4362 860 4397 course
910 4353 1046 4411 argument.
1082 4347 1128 4410 Cp.
1146 4347 1220 4396 Tusc.
1232 4346 1265 4394 D.
1282 4345 1299 4396 i.
1320 4357 1357 4406 25.
1369 4341 1398 4391 61
1414 4342 1487 4406 ‘quid

285 4415 366 4478 stand,
378 4416 422 4463 but
434 4413 479 4464 has
490 4414 539 4463 less
550 4413 684 4476 authority.
910 4413 1009 4476 igitur?
1033 4418 1115 4461 utrum
1139 4411 1305 4475 capacitatem
1327 4409 1437 4472 aliquam
1459 4409 1486 4457 in

322 4487 359 4542 1'3.
375 4484 483 4538 agitari,
496 4479 597 4530 ‘lashed
609 4479 631 4527 :'
651 4484 663 4538 ς
680 4478 734 4540 238.
911 4479 996 4526 animo
1019 4485 1135 4542 putamus
1160 4493 1221 4532 esse,
1239 4491 1296 4539 quo,
1318 4483 1437 4537 tanquam
1460 4475 1488 4523 in

322 4559 359 4608 14.
375 4549 517 4602 cupidum,
530 4540 808 4609 ‘partiahonesidedr’
821 4559 859 4608 cp.
911 4542 1015 4606 aliquod
1043 4559 1093 4602 vas,
1123 4559 1154 4592 ea
1182 4557 1245 4606 quae
1269 4541 1427 4588 meminimus
1450 4539 1488 4588 in·

286 4625 331 4674 pro
358 4611 432 4661 Fout.
454 4625 492 4661 10.
514 4625 542 4660 21
565 4610 675 4675 ‘cupidis
693 4615 718 4660 et
742 4609 811 4662 iratis
836 4615 861 4658 et
911 4609 1060 4658 fundantur?
1077 4607 1222 4658 Absurdum
1233 4606 1260 4655 id
1272 4605 1387 4672 quidem.'
