3310 5040
586 459 657 525 DE
682 461 817 526 ORAT
817 462 915 527 ORE
938 463 988 527 II.
1328 472 1389 543 257

123 662 172 708 116
189 668 311 729 eorum,
326 651 369 715 ad
386 671 630 735 quemcumque
645 672 744 716 causa
762 652 945 734 postulabit
966 661 1103 732 motum,
1118 672 1283 717 vocemus.
1328 649 1388 714 Ad

187 754 397 835 probandum
427 766 552 819 autemv
566 756 693 838 duplex
720 764 770 819 est
796 757 917 819 oratori
945 757 1092 822 subiecta
1118 758 1291 820 materies:
1322 773 1388 818 una

189 877 296 920 rerum
310 879 431 936 earum,
444 880 529 941 quae
545 879 611 922 non
627 859 859 940 excogitantur
874 858 916 922 ab
932 869 1069 936 oratore,
1086 862 1145 924 sed
1161 861 1194 923 in
1210 882 1244 924 re
1259 861 1387 942 positae

188 963 314 1025 ratione
329 971 520 1039 tractantur,
537 971 573 1026 ut
589 962 730 1040 tabulae,
745 963 943 1037 testimonia,
960 975 1067 1045 pacta,
1083 972 1253 1042 conventa,
1269 983 1387 1045 quaes-

188 1067 302 1144 tiones,
325 1066 424 1148 legeS,
448 1076 583 1130 senatus
605 1066 763 1141 consulta,
787 1088 839 1130 res
861 1068 1034 1147 iudicatae,
1057 1069 1200 1144 decreta,
1221 1077 1415 1149 responsat

188 1168 322 1251 reliqua,
348 1172 375 1233 si
403 1191 488 1252 quae
512 1179 598 1250 sunt,
625 1192 711 1253 quae
737 1191 803 1235 non
830 1172 874 1235 ab
901 1181 1031 1237 oratore
1055 1173 1232 1254 pariuntur,
1256 1172 1315 1234 sed
1342 1172 1385 1234 ad

189 1282 353 1336 oratorem
372 1270 406 1360 [a
423 1295 520 1339 causa
536 1270 651 1361 atque]
670 1296 689 1339 a
705 1275 768 1339 reis
783 1274 994 1354 deferuntur3
1017 1275 1121 1339 altera
1140 1284 1198 1354 est,
1214 1295 1299 1357 quae
1314 1283 1386 1338 tota

126 1380 174 1430 117
188 1377 221 1438 in
237 1376 462 1459 disputatione
484 1379 569 1442 etin
591 1379 877 1461 argumentatione
897 1379 1036 1443 oratoris
1056 1379 1227 1443 conlocata
1247 1386 1317 1455 est;
1339 1377 1386 1441 ita

187 1481 220 1542 in
236 1482 402 1563 superiore
417 1502 537 1563 genere
549 1483 592 1545 de
607 1483 788 1546 tractandis
803 1485 1014 1565 argumentis,
1029 1484 1062 1546 in
1078 1483 1140 1548 hoc
1156 1492 1268 1546 autem
1285 1482 1386 1546 etiam

187 1584 229 1647 de
249 1585 452 1648 inveniendis
473 1587 687 1668 cogitandum
709 1596 770 1650 est.
814 1586 931 1670 Atque
946 1588 1001 1652 isti
1017 1588 1159 1669 quidem,
1178 1589 1232 1670 qui
1254 1587 1384 1661 docent,
1403 1598 1434 1633 10

187 1708 262 1750 cum
282 1708 397 1752 causas
420 1689 453 1751 in
474 1690 569 1771 plura
592 1711 713 1773 genera
730 1701 913 1765 secuerunt,
937 1691 1074 1773 singulis
1092 1690 1267 1773 generibus
1290 1710 1386 1771 argu·

188 1801 375 1856 mentorum
412 1794 541 1876 copiam
572 1804 772 1876 suggerunt3
806 1796 895 1876 quod
926 1795 1056 1858 etiamsi
1086 1795 1129 1858 ad
1165 1794 1385 1857 instituendos

187 1897 451 1961 adulescentulos
475 1898 580 1980 magis
610 1906 727 1979 aptum
758 1906 816 1977 est,
839 1908 884 1971 ut,
909 1897 1046 1962 simulac
1076 1899 1189 1981 posita·
1211 1918 1310 1961 causa
1334 1896 1386 1976 sit,

186 2000 331 2063 habeant
346 2022 412 2083 quo
428 2022 464 2064 se
479 2002 629 2077 reserant,
644 2004 731 2065 unde
743 2003 856 2066 statim
873 2003 1032 2083 expedita
1048 2003 1175 2084 possint
1190 2011 1394 2084 argumenta·

188 2105 390 2187 depromere,
411 2114 524 2169 tamen
545 2114 578 2168 et
599 2107 684 2168 tardi
708 2107 829 2187 ingenii
855 2116 905 2169 est
929 2106 1049 2169 rivulos
1072 2107 1260 2183 consectari,
1284 2106 1434 2170 fontis—¹5¹

188 2228 294 2271 rerum
311 2228 377 2273 non
392 2208 512 2284 videre,
530 2217 563 2272 et
579 2209 644 2272 iam
660 2211 778 2273 aetatis
795 2218 845 2272 est
859 2230 1002 2291 ususque
1018 2211 1119 2273 nostri
1135 2232 1155 2273 a
1171 2210 1279 2290 capite
1295 2212 1383 2291 quod

123 2319 173 2364 118
187 2311 327 2375 velimus
350 2332 513 2376 arcessere
536 2321 570 2376 et
596 2314 685 2376 unde
709 2314 821 2377 omnia
844 2324 980 2377 manent
1004 2315 1126 2377 videre.
1136 2297 1218 2400 χΧΕῒ
1243 2314 1386 2395 primum

186 2437 291 2500 genus
318 2416 399 2479 illud
427 2436 538 2480 earum
569 2437 685 2492 rerum,
717 2438 803 2499 quae
832 2419 875 2482 ad
907 2428 1072 2482 oratorem
1092 2417 1290 2496 deseruntur,
1318 2439 1387 2482 me·

439 2507 673 2540 „stu-.-

293 2580 315 2634 7.
332 2587 348 2618 σ
359 2586 430 2618 causa
441 2577 509 2633 utque
519 2586 535 2618 σ
546 2586 572 2618 re
583 2570 644 2634 Any
655 2571 736 2636 Lagg.
748 2586 769 2630 2,
779 2588 803 2636 4,
816 2585 855 2636 13,
870 2586 908 2636 32,
922 2570 967 2634 36:
985 2589 1000 2620 σ
1012 2588 1083 2619 causa
1094 2581 1160 2635 utque
1171 2571 1229 2621 incl.
1239 2571 1273 2622 K.

215 2719 236 2755 1.
254 2708 301 2753 Ad
314 2708 498 2761 probandum,
510 2711 557 2754 ete.
591 2705 659 2755 Here
672 2706 759 2756 Cicero

186 2787 245 2833 very
257 2770 349 2833 closely
360 2770 459 2818 follows
471 2770 593 2820 Aristotle
603 2772 689 2832 (Rhet.
702 2771 718 2822 i.
733 2775 759 2833 a)

185 2837 233 2884 τῶν
251 2834 276 2884 δὲ
290 2834 394 2883 πίστεων
409 2836 434 2882 al
451 2835 495 2896 μὲν
509 2835 611 2898 ἄτεχνοί
624 2838 684 2884 εἰσιν
698 2837 723 2885 al
739 2835 760 2884 δ’

185 2901 304 2963 ἔντεχνοι,
322 2900 416 2961 ἄτεχνα
427 2901 453 2948 δὲ
465 2900 532 2964 λέγω
550 2901 596 2950 ὅσα
606 2902 640 2964 μὴ
652 2903 680 2951 δι’
692 2903 759 2964 ἡμῶν

183 2966 324 3028 πεπόρισται
336 2965 403 3013 ἀλλὰ
414 2969 572 3030 προϋπῆρχεν,
583 2966 633 3016 οἷον
644 2966 760 3030 μάρτυρετ

183 3031 287 3088 βάσανοι
311 3031 449 3094 συγγραφαὶ
471 3035 510 3080 καὶ
533 3032 579 3080 ὅσα
597 3034 704 3094 τοιαῦτα,
723 3033 759 3083 ἔν-

184 3116 262 3160 τεχνσ
274 3097 298 3145 δὲ
311 3095 358 3144 ὅσα
370 3096 407 3145 διὰ
418 3098 462 3158 τῆς
478 3098 580 3159 μεθόδου
597 3098 637 3146 rol
650 3097 678 3147 δι’
691 3099 759 3161 ἡμῶν

183 3162 407 3222 κατασκευασθῆναι
426 3163 533 3220 δυνατόν,
545 3163 608 3212 ὥστε
621 3164 759 3214 ὃεΐτσίντων

184 3231 235 3278 τοῖς
247 3229 292 3290 μὲν
303 3227 441 3290 χρήσασθαι
453 3227 485 3275 τὰ
499 3228 525 3276 δὲ
538 3229 622 3292 εὑρεῖν.
667 3230 719 3278 Τῶν
731 3232 758 3280 δὲ

184 3294 223 3344 διὰ
242 3293 381 3355 τοῦλόγου
399 3291 558 3358 ποριζομένων
577 3293 681 3343 πίστεων
702 3296 756 3358 τρία

185 3361 234 3423 εἴδη
247 3359 323 3409 ἐστίν·
335 3361 360 3408 ul
377 3359 422 3419 μὲν
434 3360 482 3423 γάρ
493 3361 554 3408 εἰσιν
566 3360 593 3408 ἐν
604 3359 639 3420 τῷ
650 3361 702 3422 ἤθει
714 3363 758 3412 τοῦ

183 3425 308 3488 λέγοντος,
315 3427 340 3473 nl
350 3424 375 3472 δὲ
385 3425 410 3474 ὲν
419 3424 452 3488 τῷ
462 3425 507 3474 τὸν
516 3427 636 3490 ἀκροατὴν
645 3428 758 3478 διαθεῖναί

185 3511 238 3550 πως,
255 3493 279 3540 al
297 3491 322 3540 dl
341 3491 367 3538 ἐν
381 3492 446 3554 αὐτῷ
462 3491 497 3554 τῷ
512 3492 581 3555 λόγῳ
595 3495 631 3541 διὰ
641 3495 685 3541 τοῦ
697 3497 758 3542 δεικ-

814 2705 852 2753 28.
872 2708 911 2768 78,
924 2705 1061 2770 Antiphon,
1073 2723 1097 2755 v.
1110 2719 1140 2766 31
1153 2704 1186 2761 ff..
1203 2705 1251 2755 and
1270 2705 1311 2755 the
1329 2722 1388 2772 very

812 2771 956 2836 interesting
990 2771 1124 2835 Appendix
1157 2771 1209 2820 viii.
1239 2773 1264 2819 in
1294 2773 1322 2822 C.
1353 2773 1385 2822 R.

810 2836 951 2900 Kennedy's
963 2837 1153 2894 Demosthenes,
1165 2837 1214 2885 vol.
1224 2837 1256 2888 iv.
1266 2853 1309 2902 pp.
1320 2837 1386 2900 382-

811 2915 867 2966 391·

842 2980 865 3029 5.
883 2983 928 3017 res
945 2966 1301 3031 iudicatae=‘praeiudicia,’
1317 2970 1385 3031 ‘pre-

808 3033 879 3082 vious
901 3032 1038 3082 decisione!
1073 3034 1122 3081 For
1142 3034 1184 3082 the
1207 3049 1250 3081 use
1270 3033 1299 3082 of
1315 3033 1384 3082 these

809 3113 848 3160 cp.
862 3097 956 3157 Cicero,
970 3113 1016 3162 pro
1028 3098 1125 3146 Cluent.
1138 3113 1158 3146 c.
1172 3107 1201 3159 17
1211 3113 1254 3161 sq.‚
1268 3114 1314 3161 pro
1327 3098 1383 3146 Mil.

809 3177 830 3211 c.
843 3178 865 3226 5,
879 3163 1010 3211 Demosth.
1022 3163 1047 3211 in
1058 3164 1150 3221 Mida,
1162 3170 1247 3212 contra
1260 3163 1350 3212 Eubul.
1358 3163 1382 3213 6.

809 3293 819 3356 (
843 3238 864 3290 7.
882 3229 1017 3288 reis,·the
1034 3229 1126 3294 parties
1143 3235 1170 3277 to
1188 3229 1229 3277 the
1246 3229 1311 3288 suit,’
1325 3234 1337 3288 5
1352 3230 1382 3292 78

820 3295 899 3356 note).

841 3363 930 3409 altera
946 3366 997 3420 est,
1016 3376 1048 3408 an
1065 3360 1239 3417 anacoluthon,
1257 3359 1383 3424 changing

807 3424 871 3474 from
890 3426 1030 3490 apposition
1051 3432 1078 3475 to
1093 3443 1124 3474 an
1142 3426 1305 3490 independent
1324 3442 1382 3490 pro·

807 3491 934 3555 position:
947 3507 986 3556 cp.
995 3492 1012 3540 i.
1024 3502 1061 3554 27.
1075 3506 1121 3554 1²3
1132 3494 1222 3558 (note),
1232 3493 1281 3540 and
1290 3492 1382 3550 below,

185 3557 251 3607 νύναι
262 3556 278 3618 ἢ
289 3556 413 3619 φαίνεσθαι
426 3556 552 3608 δεικνύναι.
578 3558 640 3608 This
651 3560 757 3610 division
810 3567 822 3616 θ’
838 3571 892 3621 295.

184 3626 286 3673 became
302 3623 370 3687 quite
387 3640 401 3671 a
419 3624 606 3689 commonplace
619 3626 648 3674 os
656 3627 758 3674 rhetori-
843 3635 880 3683 13.
897 3625 990 3679 posita
1001 3625 1053 3671 sit:
1071 3627 1083 3681 ξ
1098 3638 1119 3670 2.

185 3690 266 3738 cians:
285 3695 445 3737 ‘consensum
461 3689 511 3738 sere
527 3691 637 3738 omnium
654 3693 755 3740 meruit'
844 3700 881 3749 14.
899 3702 955 3744 quo
967 3702 997 3737 se
1009 3690 1146 3737 referant:
1164 3686 1181 3736 i.
1195 3701 1233 3749 3²·
1245 3700 1300 3750 145.

186 3753 302 3818 (Quintil.
312 3771 336 3802 v.
345 3753 362 3801 i.
376 3759 414 3814 1);
427 3769 466 3818 cp.
480 3756 524 3805 Or.
538 3768 576 3802 11.
589 3756 634 3819 69;
647 3766 687 3818 37.
703 3757 757 3806 128.
841 3756 981 3809 expedita,
991 3759 997 3778 ⁴
1008 3753 1082 3816 ready
1093 3753 1132 3801 for
1143 3754 1201 3810 use‚'
1214 3769 1241 3802 as
1253 3754 1278 3801 in
1292 3759 1304 3812 §
1321 3756 1375 3804 118.

185 3821 253 3868 Brut.
266 3834 305 3881 49.
321 3819 374 3878 185,
388 3826 434 3868 etc.
844 3830 882 3879 15.
899 3821 1021 3867 rivulos:
1046 3819 1061 3866 i.
1071 3834 1092 3868 e.
1114 3818 1156 3867 the
1173 3819 1331 3883 ready-made
1342 3835 1382 3866 ar-

218 3903 242 3945 4.
267 3887 454 3941 quaestiones,
489 3906 511 3924 =
546 3886 705 3934 ‘tormenta'
733 3886 759 3934 in
806 3893 917 3947 gumenra
929 3883 968 3932 for
979 3884 1070 3946 special
1083 3900 1165 3932 cases:
1184 3900 1222 3948 ep.
1238 3885 1316 3934 Acad.
1329 3885 1345 3932 i.
1360 3899 1382 3932 a.

186 3950 293 4014 Quintil.
311 3949 328 3998 l.
346 3965 383 4008 c.;
403 3950 445 3997 the
462 3949 578 4000 evidence
594 3951 666 4014 given
683 3953 759 4000 under
809 3949 892 3997 8‘sed
900 3965 968 3998 meos
981 3949 1080 4005 amicos,
1088 3950 1113 3997 in
1122 3950 1210 4013 quibus
1220 3957 1256 3998 est
1265 3951 1382 4007 studium,

185 4023 292 4065 torture:
305 4030 343 4077 cp.
356 4015 399 4062 Or.
412 4020 474 4078 part.
489 4029 526 4075 14.
540 4029 571 4076 50
584 4023 672 4080 ‘saepe
684 4019 759 4066 etiam
807 4015 833 4062 in
841 4014 971 4063 Graeciam
980 4015 1066 4063 mitto.
1077 4023 1117 4064 .ut
1125 4015 1292 4065 eaeiontibus
1299 4017 1384 4080 potius

184 4081 369 4146 quaestionibus
391 4079 550 4128 resistendum
578 4088 622 4138 est,
645 4084 712 4146 quod
735 4091 759 4132 et
807 4081 932 4140 hauriant,
945 4097 1018 4144 quam
1030 4081 1121 4130 rivulos
1133 4077 1316 4130 consectentur!

184 4148 296 4195 dolorem
307 4146 428 4210 fugientes
440 4146 511 4194 multi
528 4146 553 4194 in
570 4149 698 4196 tormentis
709 4164 759 4196 em·
844 4145 881 4194 16.
899 4149 1004 4205 videre,
1018 4146 1093 4195 ‘look
1110 4153 1154 4195 out
1166 4145 1221 4202 i0r‚’
1232 4147 1306 4196 much
1318 4163 1345 4195 as
1357 4145 1382 4194 in

184 4212 257 4263 entiti
275 4227 392 4276 persaepe
408 4219 471 4271 sunt,
490 4212 602 4276 morique
620 4215 759 4263 maluerunt
808 4212 843 4261 iii.
857 4225 877 4259 1.
892 4212 1002 4273 2(note)‚
1012 4211 1085 4261 Tusc.
1095 4213 1128 4259 D.
1138 4213 1173 4260 iii.
1185 4226 1220 4276 19.
1230 4212 1262 4276 46
1273 4211 1382 4276 ‘aliquid

185 4278 274 4327 falsum
291 4277 400 4332 fatendo,
413 4292 486 4341 quam
503 4277 634 4327 infitiando
658 4278 758 4329 dolere.’
808 4277 935 4326 videamus
957 4283 981 4325 et
1004 4278 1068 4334 cibi,'
1090 4278 1151 4326 with
1172 4278 1294 4326 Kiihner’s
1315 4284 1382 4326 note.

187 4345 226 4392 On
245 4343 287 4392 the
303 4341 375 4392 value
392 4343 421 4391 os
435 4342 550 4393 evidence
568 4344 624 4393 thus
641 4345 759 4394 obtained
809 4343 856 4408 Cp.
870 4343 923 4391 also
935 4343 1040 4393 Theocr.
1053 4360 1091 4392 xv.
1107 4357 1118 4390 2
1132 4341 1176 4404 ὅρη
1193 4344 1284 4405 δίφρον,
1295 4341 1382 4400 Εὐνόσ,

187 4425 225 4472 cp.
245 4411 288 4457 Ar.
312 4407 385 4457 Rhet.
405 4408 422 4457 i.
441 4422 479 4468 15.
499 4408 536 4457 16.
571 4410 661 4473 Cope’s
678 4411 759 4459 Intro·
808 4405 877 4472 αὐτᾷ,
905 4407 955 4456 and
989 4408 1066 4473 Soph.
1102 4408 1143 4470 Aj.
1174 4407 1236 4470 1165
1274 4407 1382 4455 σπεῦσον

186 4473 297 4529 duction,
309 4489 333 4547 p.
347 4487 391 4521 τοι
413 4473 432 4538 [⁶
442 4473 462 4522 it
480 4473 573 4538 plainly
588 4491 692 4538 appears
704 4475 760 4524 that
808 4472 894 4535 κοίλην
906 4473 1010 4521 κάπετόν
1021 4475 1067 4522 τιν’
1079 4475 1145 4522 ἰδεῖν.

187 4538 225 4587 his
248 4539 349 4601 opimon
368 4554 396 4586 as
417 4547 443 4587 to
466 4539 508 4586 the
528 4555 570 4588 use
587 4540 616 4588 oi
630 4541 759 4590 torturein

187 4603 325 4666 extracting
336 4603 452 4653 evidence
469 4605 490 4651 is
501 4604 555 4651 that
567 4606 586 4652 it
597 4605 618 4652 is
630 4605 704 4660 cruel,
716 4621 760 4653 un·

187 4684 321 4733 necessary,
338 4669 387 4717 and
405 4668 510 4732 lutile’],
528 4669 623 4732 Cicero,
636 4686 682 4735 pro
697 4670 758 4721 Sull.

842 4553 859 4588 a
870 4543 976 4595 eapite:
1000 4539 1016 4587 i.
1032 4551 1069 4586 ιο,
1081 4552 1112 4601 42
1127 4537 1206 4598 (note)
1218 4552 1259 4600 44.
1273 4550 1328 4601 195.

845 4604 882 4653 18.
896 4619 984 4661 genus
1000 4618 1096 4652 earum
1110 4617 1212 4659 rerum,
1226 4619 1257 4652 an
1268 4603 1385 4666 explana·

809 4675 866 4734 tory
873 4669 989 4734 genitive,
996 4667 1117 4731 asin563‚
1131 4668 1185 4732 128,
1196 4681 1251 4726 τοο,
1261 4683 1316 4734 341,
1326 4676 1372 4719 etc.
