3310 5040
578 429 648 493 DE
674 429 907 502 errrore
929 431 980 493 rr.
1317 444 1380 515 275

179 615 348 680 Antonius
371 623 428 681 ‘ac
451 617 497 681 sic
524 617 652 681 decrevi
682 616 906 700 philosophari
931 619 1050 700 potiuS,
1074 627 1111 682 ut
1138 618 1380 702 Neoptolemus

179 723 267 802 apud
285 722 433 784 Ennium
449 728 466 756 “
477 722 607 802 paucis:
632 742 709 784 nam
725 724 860 785 omnino
880 721 968 785 haud
993 718 1131 804 placet.”
1177 723 1245 787 Sed
1267 733 1379 786 tamen

179 825 261 889 haec
277 834 328 888 est
344 845 417 888 mea
432 826 603 900 sententia,
616 845 717 906 quam
728 827 865 889 videbar
880 828 1091 907 exposuisse:
1115 847 1177 908 ego
1193 826 1255 889 ista
1271 827 1380 890 studia

181 949 247 992 non
263 930 422 1010 improbe,
436 930 608 993 moderata
623 929 723 992 modo
739 930 822 992 sint:
844 931 1032 1010 opinionem
1048 931 1185 994 istorum
1197 931 1380 994 studiorum

182 1043 215 1096 et
242 1033 461 1113 suspicionem
484 1031 612 1096 artificii
637 1031 725 1113 apud
753 1052 818 1108 eos,
843 1035 898 1115 qui
922 1053 972 1095 res
997 1033 1150 1108 iudicent,
1174 1034 1294 1097 oratori
1322 1035 1409 1102 ad·5

182 1136 358 1200 versariam
382 1156 452 1198 esse
472 1136 622 1211 arbitror,
638 1137 804 1199 imminuit
827 1139 915 1200 enim
936 1146 969 1200 et
991 1138 1130 1200 oratoris
1147 1139 1380 1201 auctoritatem

117 1239 169 1304 38
184 1250 217 1304 et
240 1240 395 1303 orationis
411 1239 521 1304 fidem.
554 1239 648 1318 lSed,
673 1249 710 1303 ut
737 1261 776 1303 eo
803 1249 982 1315 revocetur,
1007 1242 1095 1304 unde
1117 1239 1181 1304 huc
1205 1241 1382 1304 declinavit

118 1325 169 1372 1⁵⁷
183 1345 299 1419 oratio,
329 1365 373 1406 ex
411 1344 515 1406 tribus
549 1343 619 1406 istis
656 1343 844 1406 clarissimis
872 1344 1087 1426 philosophie,
1118 1363 1203 1426 quos
1238 1344 1382 1407 Romam

181 1450 310 1511 venisse
331 1448 454 1521 dixisti,
470 1448 605 1510 videsne
621 1447 808 1528 Diogenem
824 1467 899 1510 eum
922 1447 1030 1522 fuisse,
1054 1447 1110 1528 qui
1133 1447 1256 1510 diceret
1278 1455 1383 1511 artem

183 1571 219 1613 se
243 1551 373 1613 tradere
398 1549 483 1612 bene
508 1551 689 1613 disserendi
714 1559 747 1614 et
771 1571 849 1614 vera
873 1571 912 1614 ac
935 1550 1018 1614 salsa
1044 1551 1255 1624 diiudicandi,
1282 1571 1383 1632 quam
1400 1575 1430 1611 ro

182 1655 283 1718 verbo
308 1653 435 1718 Graeco
459 1650 651 1731 διαλεκτικήν
672 1653 880 1737 appellaret?
912 1655 949 1716 ln
972 1652 1035 1717 hac
1055 1663 1134 1732 arte,
1159 1654 1186 1716 si
1210 1655 1310 1717 modo
1335 1663 1385 1717 est

184 1758 265 1821 haec
288 1779 349 1834 ars,
375 1757 501 1821 nullum
523 1767 574 1822 est
596 1765 820 1840 praeceptum,
843 1778 909 1839 quo
932 1757 1032 1820 modo
1054 1777 1169 1819 verum
1192 1757 1383 1833 inveniatur,

117 1864 242 1926 158sed
260 1871 392 1926 tantum
415 1871 476 1938 est,
500 1882 567 1944 quo
591 1861 692 1924 modo
714 1862 894 1938 iudicetur;
919 1881 995 1923 nam
1019 1869 1052 1923 et
1073 1880 1182 1935 omne,
1206 1861 1295 1941 quod
1319 1860 1385 1924 elo-

219 2019 240 2073 7.
257 2010 300 2057 huc
312 2008 368 2058 incl.
382 2009 415 2058 K.
499 2024 521 2073 9.
539 2024 591 2056 eum
603 2023 652 2057 om.
665 2008 701 2057 P:
718 2006 811 2055 habent
822 2005 894 2057 codd.
907 2011 968 2054 mut.
1047 2017 1085 2067 13.
1102 2011 1124 2052 et
1136 2021 1184 2054 om.
1196 2005 1235 2053 K:
1255 2005 1310 2055 incl.
1324 2006 1351 2054 P.

185 2135 350 2184 controversia
366 2133 398 2183 de
414 2133 508 2182 musica
527 2132 628 2182 inducta
647 2138 691 2188 est,
708 2132 758 2180 dis·
808 2131 870 2180 Tac.
889 2131 974 2195 Agric.
993 2145 1010 2194 4
1032 2129 1168 2179 ‘Memoria
1190 2135 1262 2179 teneo
1283 2129 1385 2178 solitum

185 2201 283 2265 putatio
298 2201 323 2247 in
340 2200 476 2262 sapientiae
487 2199 608 2248 rationem
622 2203 647 2246 et
661 2197 758 2246 virtutis
809 2197 899 2260 ipsum,
906 2213 1004 2245 narrare
1013 2212 1040 2245 se
1048 2197 1127 2260 prima
1135 2197 1160 2244 in
1169 2196 1268 2244 iuventa
1277 2196 1385 2244 studium

185 2266 319 2314 utilitatem
330 2261 504 2314 consumitur:'
522 2280 561 2328 cp.
573 2264 605 2312 de
616 2263 669 2312 Inv.
681 2263 707 2311 ii.
718 2276 758 2325 50.
827 2261 1079 2326 hilosophiaeacrius,
1089 2261 1235 2324 ultraquam
1243 2276 1385 2310 concessum

186 2346 235 2395 943
254 2331 316 2379 Hor.
330 2331 377 2393 Ep.
388 2329 405 2380 i.
420 2331 457 2378 18.
470 2343 509 2393 39.
809 2279 924 2376 iiomano
932 2344 962 2377 ac
970 2328 1084 2383 senatori,
1092 2327 1210 2382 hausisse,
1217 2327 1243 2374 ni
1254 2327 1384 2392 prudentia

222 2411 242 2444 1.
259 2411 291 2445 ao
304 2433 309 2444 .
324 2433 329 2444 .
342 2431 348 2444 .
360 2398 468 2452 potius:
487 2411 526 2459 cp.
540 2400 592 2457 §74
601 2396 689 2456 (note).
710 2393 757 2457 Cp.
808 2393 894 2441 matris
912 2394 1036 2442 incensum
1059 2409 1088 2442 ac
1110 2392 1253 2456 flagrantem
1275 2393 1384 2440 animum

186 2463 216 2512 de
228 2462 290 2525 Rep.
301 2461 316 2511 i.
329 2463 366 2510 18.
380 2475 411 2522 30
420 2466 506 2588 ‘atpue
514 2460 579 2509 idem
593 2460 658 2523 [Sex.
664 2459 758 2515 Aelius,
810 2459 957 2508 coercuisset
966 2459 983 2506 :’
1000 2459 1049 2506 and
1060 2458 1091 2507 de
1104 2458 1158 2506 Fin.
1171 2458 1186 2506 i.
1202 2471 1223 2506 1.
1239 2471 1260 2508 1.

186 2544 225 2591 cp.
247 2528 262 2575 i.
283 2541 323 2590 45.
344 2527 389 2587 198
408 2532 467 2575 note
497 2526 667 2576 ...Zethum
686 2525 759 2573 illum
845 2534 867 2587 7.
885 2539 927 2581 eo,
947 2524 990 2573 ie.
1009 2530 1035 2572 to
1053 2523 1186 2572 determine
1206 2522 1248 2571 the
1267 2522 1384 2572 relations

185 2593 288 2642 Pacuvii
309 2593 382 2641 nimis
404 2593 531 2641 inimicum
556 2591 682 2641 doctrinae
707 2604 762 2639 esse
811 2588 840 2638 oi
847 2589 1000 2654 philosophy
1011 2597 1037 2638 to
1048 2587 1333 2638 rhetorical‘inventio.’

184 2659 295 2708 dicebat:
318 2658 399 2722 magis
416 2673 472 2705 eum
489 2657 629 2707 delectabat
647 2657 759 2719 Neopto-
844 2670 867 2719 9.
882 2658 1010 2712 videsne,
1025 2660 1037 2713 ξ
1050 2654 1083 2718 64
1094 2655 1183 2716 (note).

184 2724 263 2773 lemus
275 2724 357 2781 Ennii,
369 2723 497 2786 quiseait
506 2723 680 2787 philosophari
688 2721 759 2776 velle,
844 2723 1006 2778 Diogenem,
1027 2721 1069 2770 the
1088 2721 1170 2769 Stoic:
1194 2734 1225 2782 cp
1242 2719 1307 2783 Top.
1328 2715 1384 2768 2.6

184 2790 228 2838 sed
247 2790 346 2853 paucis:
371 2804 430 2837 nam
446 2789 546 2837 omnino
562 2789 630 2837 haud
664 2783 760 2836 lacere’
811 2785 891 2834 ‘Cum
903 2786 1055 2836 omnisratio
1063 2786 1170 2849 diligens
1180 2785 1315 2833 disserendi
1323 2785 1385 2833 duas

183 2854 309 2918 Similarly
326 2855 351 2902 in
373 2854 447 2904 Tusc.
464 2854 497 2903 D.
514 2855 540 2902 ii.
554 2866 575 2901 1.
590 2867 610 2902 1.
646 2804 761 2901 iibbeck
809 2850 902 2901 habeat
924 2853 991 2907 artis,
1013 2868 1087 2901 unam
1113 2850 1260 2906 inveniendi.
1282 2851 1386 2899 alteram

185 2920 293 2969 restored
319 2920 362 2968 the
386 2919 449 2968 lines
477 2920 543 2974 thus,
568 2916 760 2982 ‘Philosophari
810 2916 971 2974 diiudicandi,
994 2919 1118 2981 utriusque
1135 2916 1257 2979 princeps,
1276 2923 1304 2964 ut
1322 2915 1385 2963 mihi

185 2993 222 3035 est
237 2984 300 3034 mihi
316 3000 421 3041 necesse,
434 2991 460 3033 at
476 2981 571 3048 paucis,
582 3000 641 3032 nam
657 2984 759 3033 omnino
810 2982 910 3046 quidem
932 2984 1034 3038 videtur,
1057 2980 1203 3030 Aristoteles
1224 2980 1285 3035 fuit;
1307 2980 1385 3030 Stoici

185 3049 247 3100 harit
269 3051 352 3115 placet
374 3048 583 3113 {Degustaudum
605 3066 635 3098 ex
654 3047 690 3104 ea,
709 3065 759 3097 non
811 3054 893 3095 autem
907 3048 932 3095 in
950 3049 1028 3096 altera
1043 3048 1242 3096 elaboraverunt:
1260 3046 1385 3094 iudicandi

186 3118 212 3165 in
231 3133 286 3165 eam
308 3113 509 3178 ingurgitandum
531 3113 619 3164 censeo
628 3116 642 3170 ;’
664 3114 759 3162 buthe
810 3113 876 3160 enim
901 3113 954 3160 vias
978 3113 1110 3176 diligenter
1131 3110 1252 3174 persecuti
1275 3118 1331 3159 sunt
1354 3125 1385 3159 ea

185 3182 231 3231 has
248 3196 316 3230 more
332 3179 439 3243 recently
449 3180 595 3229 withdrawn
612 3178 654 3228 the
668 3179 760 3228 second
810 3177 921 3233 scientia,
933 3192 1008 3240 quam
1021 3175 1176 3236 διαλεκτικήν
1188 3175 1330 3239 appellant:
1349 3177 1385 3224 in·

186 3248 243 3303 line,
256 3247 281 3294 in
297 3261 355 3296 cons
386 3260 461 3294 uence
478 3245 508 3294 of
521 3246 563 3293 the
580 3243 715 3306 objections
734 3242 763 3293 oi
810 3243 923 3291 veniendi
935 3250 1020 3300 artem,
1031 3258 1094 3307 quae
1105 3238 1193 3300 τοτιιιὴ
1204 3241 1301 3297 dicitur,
1312 3257 1386 3305 quae·

187 3312 317 3370 Merclrlin,
331 3328 356 3375 p.
386 3311 614 3374 5(Fragm.Trag.
628 3311 661 3372 τ).
695 3310 759 3358 ‘Ne-
809 3324 857 3372 que
879 3315 904 3357 et
926 3309 958 3357 ad
980 3325 1051 3357 usum
1072 3309 1156 3373 potior
1174 3313 1234 3362 erat,
1254 3314 1279 3355 et
1300 3308 1386 3356 ordine

186 3377 298 3427 cesse'is
310 3377 373 3426 from
382 3377 456 3425 Tusc.
468 3375 501 3425 D.
513 3376 530 3424 l.
542 3392 577 3426 c.:
595 3377 644 3425 aud
656 3376 698 3426 the
709 3376 759 3425 last
808 3380 910 3422 naturae
931 3381 996 3424 certe
1017 3375 1091 3439 prior,
1115 3380 1194 3423 totam
1220 3371 1384 3437 reliquerunt!

186 3444 236 3492 line
248 3443 309 3491 from
321 3443 353 3491 Α.
366 3441 432 3491 Gell.
445 3457 467 3491 v.
478 3440 515 3492 16.
809 3440 857 3504 Cp.
866 3440 967 3490 Zeller's
977 3439 1067 3496 Stoics,
1077 3457 1102 3504 p.
1116 3449 1147 3502 70
1158 3439 1182 3489 fl.

222 3522 242 3555 τ.
259 3503 573 3570 ραοοία,,·οο1γα1ἰῐί1εε’
590 3506 697 3572 perhaps
709 3505 759 3556 this
842 3512 931 3555 artem
958 3510 1030 3555 bene
1053 3509 1226 3555 disserendi:
1251 3520 1290 3568 cp.
1310 3504 1384 3552 Alex.

186 3575 264 3623 idiom
289 3589 359 3622 arose
383 3572 447 3621 from
475 3573 517 3623 the
545 3571 633 3636 phrase
660 3573 759 3637 ‘paucis
809 3571 888 3634 Aphr.
900 3571 965 3637 Top.
979 3585 992 3633 3
1005 3571 1027 3618 ol
1040 3569 1086 3630 μὲν
1096 3569 1143 3617 ἀπὸ
1160 3572 1203 3632 τῆς
1221 3569 1297 3622 Στοᾶς
1310 3566 1385 3631 ὁριζό-

186 3636 284 3699 verbis,'
306 3639 351 3687 but
373 3637 395 3686 is
414 3654 449 3698 so,
468 3638 489 3687 it
509 3644 624 3687 cameto
645 3639 677 3687 be
699 3637 759 3686 used
809 3653 875 3695 μενοι
895 3636 941 3696 τὴν
964 3634 1116 3696 διαλεκτικὴν
1135 3635 1270 3699 ἐπιστήμην
1292 3634 1336 3682 τοῦ
1359 3631 1385 3683 εὖ

186 3705 292 3754 without
304 3719 352 3766 any
364 3703 484 3752 reference
501 3709 528 3751 to
545 3704 675 3768 speaking.
709 3702 758 3751 Mr.
810 3698 894 3761 λέγειν
913 3699 1042 3762 ὁρίζονται,
1060 3699 1090 3747 τὸ
1111 3699 1135 3748 δὲ
1158 3700 1184 3751 εὗ
1204 3701 1287 3764 λέγειν
1305 3700 1332 3748 ὲν
1347 3699 1383 3761 τῷ

187 3770 261 3832 Roby
271 3769 317 3818 has
328 3767 414 3831 kindly
424 3768 550 3817 furnished
562 3784 601 3816 me
613 3767 673 3816 with
685 3783 760 3830 many
809 3764 889 3826 ἀληθῆ
895 3765 934 3813 καί
941 3764 1094 3826 προσήκοντα
1100 3763 1185 3826 λέγειν
1192 3764 1249 3815 εἶναι
1256 3765 1385 3826 τιθέμενοι,

188 3834 293 3900 parallel
309 3834 439 3891 instances,
462 3832 526 3882 from
544 3832 626 3882 which
649 3833 662 3880 1
684 3833 760 3881 select
810 3829 928 3878 τοῦτοδὲ
948 3829 1008 3878 ίδιον
1025 3829 1156 3892 ἡγούμενοι
1176 3831 1221 3879 τοῦ
1238 3830 1384 3894 φιλοσόφου,

188 3901 290 4012 ‘pauclits
310 3897 397 4010 ³3⁸ss
414 3898 468 4010 ΗΧ
483 3898 534 4010 xliii.
553 3913 593 4010 34(3
609 3911 642 3989 ιφ
659 3897 759 4010 ‘lpaulpis
810 3894 872 4008 νιφτφ
885 3893 1095 4008 τῆιλτελεαιτάτης
1109 3895 1255 3961 φιλοσοφίας
1271 3896 1385 3962 φέρουσιν

188 3981 263 4015 auscu
285 3980 333 4019 are,
389 3979 422 4012 er.
469 3979 485 4010 n
503 3979 521 4012 r.
562 3975 610 4021 33
677 3978 712 4011 urr
732 3978 760 4010 us
809 3979 856 4010 αυτ
880 3978 952 4011 aar..

188 4029 333 4085 nolle,'Liv.
344 4028 426 4077 xxxiv.
439 4042 483 4089 3²3
497 3977 690 4086 ‘artimrstpiu
701 4028 727 4075 ii.
736 4025 760 4077 6.
830 4041 867 4074 ιτ.
882 4031 992 4075 nullum
999 4032 1043 4077 est
1049 4027 1296 4085 praeceptumzthe
1303 4027 1385 4076 Stoics

189 4112 219 4161 93
240 4095 271 4146 iv.
284 4109 323 4156 52·
337 4108 374 4153 rr,
385 4099 431 4142 etc.
465 4092 512 4142 See
523 4093 604 4156 Roby,
619 4098 631 4152 t
647 4106 718 4155 1²37·
811 4092 855 4141 did
870 4099 914 4140 not
931 4093 1028 4141 include
1044 4093 1152 4142 rhetoric
1167 4095 1243 4143 under
1261 4094 1384 4150 dialectic,

221 4176 243 4224 3.
261 4162 386 4216 videbor,
399 4167 425 4208 at
436 4159 478 4209 the
489 4159 556 4210 close
570 4158 600 4209 os
610 4158 650 4207 his
663 4158 761 4223 exposi·
811 4159 857 4206 but
867 4158 939 4206 made
951 4157 994 4207 the
1005 4166 1056 4207 two
1071 4166 1098 4207 to
1110 4159 1141 4208 be
1155 4159 1256 4209 distinct
1267 4159 1385 4207 divisions

187 4228 254 4278 tion:
274 4234 356 4287 5153.
812 4223 842 4272 of
858 4221 888 4269 τὸ
904 4221 1005 4283 λογικὸν
1022 4222 1100 4288 μέρος.
1134 4224 1252 4275 Rhetoric
1271 4224 1387 4272 however

221 4309 244 4356 4.
261 4294 372 4341 modo=
381 4287 546 4347 ‘dummodo’
562 4290 643 4354 Roby,
660 4294 672 4348 ξ
689 4288 761 4339 1668.
812 4304 864 4338 was
876 4288 905 4337 os
913 4289 977 4337 little
989 4289 1145 4353 importance
1152 4291 1213 4339 with
1225 4291 1300 4349 them,
1310 4290 1386 4351 being

188 4358 243 4406 The
254 4359 316 4406 view
328 4357 349 4404 is
360 4357 433 4406 much
445 4356 496 4405 like
507 4356 562 4405 that
573 4356 602 4405 os
606 4354 724 4405 Callicles
735 4355 761 4404 in
812 4355 905 4418 merely
926 4358 954 4402 ‘a
974 4354 1106 4404 collection
1129 4355 1159 4403 of
1175 4354 1290 4403 artificial
1312 4353 1385 4413 rules,

189 4423 270 4481 Plato,
284 4422 362 4486 Gorg.
399 4459 405 4471 .
418 4423 467 4485 484
478 4437 499 4480 c,
511 4419 645 4484 φιλοσοφία
660 4418 761 4483 γάρτοι
812 4419 917 4468 without
935 4419 1120 4484 philosophical
1134 4420 1228 4468 worth*
1244 4417 1343 4482 (Zeller,
1361 4435 1386 4483 p.

189 4487 242 4536 leri
259 4487 352 4549 χαρίεν,
367 4438 397 4534 di
414 4504 450 4535 τις
465 4486 541 4534 αὐτοῦ
557 4486 656 4549 μετρίως
672 4484 760 4547 ἅψηται
814 4487 865 4547 7²).

188 4553 215 4602 ίν
226 4555 257 4618 τῇ
268 4551 357 4614 ὴλιιιίφ·
373 4550 415 4600 ἐὰν
427 4551 452 4600 δὲ
468 4551 596 4614 περαιτέρω
609 4551 654 4599 τοῦ
664 4549 761 4599 δέοντος
846 4564 883 4611 13.
893 4565 958 4600 nm
967 4555 995 4599 et
1004 4565 1099 4598 omne:
1112 4564 1140 4597 so
1148 4549 1172 4597 A
1180 4548 1205 4606 b,
1214 4553 1273 4618 etot
1289 4548 1389 4607 ⁴{alone

188 4615 332 4683 ίνδιατρίψρ,
347 4615 463 4680 διαφθορὰ
479 4617 527 4665 τῶν
542 4616 678 4680 ἀνθρώπων.
712 4616 760 4681 Cp.
812 4615 841 4665 os
849 4615 891 4666 the
901 4616 969 4681 good
981 4614 1052 4667 MSS.
1065 4615 1181 4680 omitting
1191 4625 1220 4675 et,
1229 4613 1312 4665 which
1320 4615 1388 4664 how·
