<?xml version="1.0" encoding="UTF-8"?>
<!DOCTYPE html PUBLIC "-//W3C//DTD XHTML 1.0 Transitional//EN"
    "http://www.w3.org/TR/xhtml1/DTD/xhtml1-transitional.dtd">
<html xmlns="http://www.w3.org/1999/xhtml" xml:lang="en" lang="en">
 <head>
  <title>
</title>
<meta http-equiv="Content-Type" content="text/html;charset=utf-8" />
  <meta name='ocr-system' content='tesseract 3.04.00' />
  <meta name='ocr-capabilities' content='ocr_page ocr_carea ocr_par ocr_line ocrx_word'/>
</head>
<body>
  <div class='ocr_page' id='page_1' title='image "./mtulliiciceroni00wilkgoog_0113.png"; bbox 0 0 3286 5036; ppageno 0'>
   <div class='ocr_carea' id='block_1_1' title="bbox 248 351 1115 443">
    <p class='ocr_par' dir='ltr' id='par_1_1' title="bbox 248 351 1115 443">
     <span class='ocr_line' id='line_1_1' title="bbox 248 351 1115 443; baseline -0.003 -23"><span class='ocrx_word' id='word_1_1' title='bbox 248 375 314 443; x_wconf 83' lang='lat'>304</span> <span class='ocrx_word' id='word_1_2' title='bbox 572 353 625 420; x_wconf 85' lang='lat' dir='ltr'>M.</span> <span class='ocrx_word' id='word_1_3' title='bbox 654 353 828 420; x_wconf 87' lang='lat' dir='ltr'><em>TULLII</em></span> <span class='ocrx_word' id='word_1_4' title='bbox 849 351 1115 420; x_wconf 86' lang='lat' dir='ltr'><em>CICERONIS</em></span> 
     </span>
    </p>
   </div>
   <div class='ocr_carea' id='block_1_2' title="bbox 221 537 1513 1352">
    <p class='ocr_par' dir='ltr' id='par_1_2' title="bbox 221 537 1513 1352">
     <span class='ocr_line' id='line_1_2' title="bbox 248 537 1445 632; baseline -0.005 -21"><span class='ocrx_word' id='word_1_5' title='bbox 248 556 331 632; x_wconf 91' lang='lat' dir='ltr'>puto</span> <span class='ocrx_word' id='word_1_6' title='bbox 346 566 443 629; x_wconf 91' lang='lat' dir='ltr'>posse</span> <span class='ocrx_word' id='word_1_7' title='bbox 458 545 501 610; x_wconf 92' lang='lat' dir='ltr'>ab</span> <span class='ocrx_word' id='word_1_8' title='bbox 515 541 650 608; x_wconf 87' lang='lat' dir='ltr'>homine</span> <span class='ocrx_word' id='word_1_9' title='bbox 672 563 739 607; x_wconf 92' lang='lat' dir='ltr'>non</span> <span class='ocrx_word' id='word_1_10' title='bbox 762 542 934 618; x_wconf 88' lang='lat' dir='ltr'>inurbano,</span> <span class='ocrx_word' id='word_1_11' title='bbox 949 562 1050 625; x_wconf 89' lang='lat' dir='ltr'>quam</span> <span class='ocrx_word' id='word_1_12' title='bbox 1073 541 1116 606; x_wconf 93' lang='lat' dir='ltr'>de</span> <span class='ocrx_word' id='word_1_13' title='bbox 1139 540 1217 625; x_wconf 89' lang='lat' dir='ltr'>ipsis</span> <span class='ocrx_word' id='word_1_14' title='bbox 1237 537 1363 606; x_wconf 84' lang='lat' dir='ltr'>facetiis</span> <span class='ocrx_word' id='word_1_15' title='bbox 1378 541 1445 607; x_wconf 92' lang='lat' dir='ltr'>dis·</span> 
     </span>
     <span class='ocr_line' id='line_1_3' title="bbox 250 645 1447 735; baseline -0.005 -21"><span class='ocrx_word' id='word_1_16' title='bbox 250 653 368 735; x_wconf 88' lang='lat' dir='ltr'>putari.</span> <span class='ocrx_word' id='word_1_17' title='bbox 402 651 521 732; x_wconf 90' lang='lat' dir='ltr'>Itaque</span> <span class='ocrx_word' id='word_1_18' title='bbox 532 669 607 713; x_wconf 91' lang='lat' dir='ltr'>cum</span> <span class='ocrx_word' id='word_1_19' title='bbox 623 648 785 730; x_wconf 89' lang='lat' dir='ltr'>quosdam</span> <span class='ocrx_word' id='word_1_20' title='bbox 802 645 946 710; x_wconf 88' lang='lat' dir='ltr'>Graecos</span> <span class='ocrx_word' id='word_1_21' title='bbox 961 646 1134 728; x_wconf 92' lang='lat' dir='ltr'>inscriptos</span> <span class='ocrx_word' id='word_1_22' title='bbox 1149 646 1249 709; x_wconf 91' lang='lat' dir='ltr'>libros</span> <span class='ocrx_word' id='word_1_23' title='bbox 1264 667 1336 712; x_wconf 89' lang='lat' dir='ltr'>esse</span> <span class='ocrx_word' id='word_1_24' title='bbox 1346 647 1447 709; x_wconf 92' lang='lat' dir='ltr'>vidis-</span> 
     </span>
     <span class='ocr_line' id='line_1_4' title="bbox 250 751 1445 838; baseline -0.007 -18"><span class='ocrx_word' id='word_1_25' title='bbox 250 777 321 820; x_wconf 90' lang='lat' dir='ltr'>sem</span> <span class='ocrx_word' id='word_1_26' title='bbox 339 756 382 819; x_wconf 91' lang='lat' dir='ltr'>de</span> <span class='ocrx_word' id='word_1_27' title='bbox 404 753 644 828; x_wconf 86' lang='lat' dir='ltr'>ridiculis,&#39;non</span> <span class='ocrx_word' id='word_1_28' title='bbox 663 751 788 821; x_wconf 90' lang='lat' dir='ltr'>nullam</span> <span class='ocrx_word' id='word_1_29' title='bbox 810 752 843 814; x_wconf 92' lang='lat' dir='ltr'>in</span> <span class='ocrx_word' id='word_1_30' title='bbox 861 771 956 838; x_wconf 92' lang='lat' dir='ltr'>spem</span> <span class='ocrx_word' id='word_1_31' title='bbox 971 770 1129 813; x_wconf 86' lang='lat' dir='ltr'>veneram</span> <span class='ocrx_word' id='word_1_32' title='bbox 1143 771 1241 833; x_wconf 91' lang='lat' dir='ltr'>posse</span> <span class='ocrx_word' id='word_1_33' title='bbox 1261 771 1315 813; x_wconf 93' lang='lat' dir='ltr'>me</span> <span class='ocrx_word' id='word_1_34' title='bbox 1335 771 1379 812; x_wconf 91' lang='lat' dir='ltr'>ex</span> <span class='ocrx_word' id='word_1_35' title='bbox 1398 751 1445 812; x_wconf 92' lang='lat' dir='ltr'>eis</span> 
     </span>
     <span class='ocr_line' id='line_1_5' title="bbox 250 854 1444 940; baseline -0.006 -18"><span class='ocrx_word' id='word_1_36' title='bbox 250 859 375 940; x_wconf 88' lang='lat' dir='ltr'>aliquid</span> <span class='ocrx_word' id='word_1_37' title='bbox 387 859 512 922; x_wconf 88' lang='lat' dir='ltr'>discere</span> <span class='ocrx_word' id='word_1_38' title='bbox 524 884 532 934; x_wconf 92' lang='lat'>;</span> <span class='ocrx_word' id='word_1_39' title='bbox 555 857 663 920; x_wconf 90' lang='lat' dir='ltr'>inveni</span> <span class='ocrx_word' id='word_1_40' title='bbox 679 865 792 919; x_wconf 90' lang='lat' dir='ltr'>autem</span> <span class='ocrx_word' id='word_1_41' title='bbox 804 854 942 919; x_wconf 88' lang='lat' dir='ltr'>ridicula</span> <span class='ocrx_word' id='word_1_42' title='bbox 957 862 990 918; x_wconf 91' lang='lat' dir='ltr'>et</span> <span class='ocrx_word' id='word_1_43' title='bbox 1005 855 1092 918; x_wconf 91' lang='lat' dir='ltr'>salsa</span> <span class='ocrx_word' id='word_1_44' title='bbox 1104 855 1209 918; x_wconf 91' lang='lat' dir='ltr'>multa</span> <span class='ocrx_word' id='word_1_45' title='bbox 1224 854 1422 918; x_wconf 86' lang='lat' dir='ltr'>Graecorum</span> <span class='ocrx_word' id='word_1_46' title='bbox 1436 879 1444 929; x_wconf 90' lang='lat'><strong>;</strong></span> 
     </span>
     <span class='ocr_line' id='line_1_6' title="bbox 221 958 1445 1041; baseline -0.005 -16"><span class='ocrx_word' id='word_1_47' title='bbox 221 981 327 1032; x_wconf 76' lang='lat' dir='ltr'>snam</span> <span class='ocrx_word' id='word_1_48' title='bbox 355 972 389 1026; x_wconf 92' lang='lat' dir='ltr'>et</span> <span class='ocrx_word' id='word_1_49' title='bbox 416 961 518 1026; x_wconf 93' lang='lat' dir='ltr'>Siculi</span> <span class='ocrx_word' id='word_1_50' title='bbox 545 962 578 1023; x_wconf 92' lang='lat' dir='ltr'>in</span> <span class='ocrx_word' id='word_1_51' title='bbox 602 981 642 1023; x_wconf 94' lang='lat' dir='ltr'>eo</span> <span class='ocrx_word' id='word_1_52' title='bbox 667 979 789 1041; x_wconf 86' lang='lat' dir='ltr'>genere</span> <span class='ocrx_word' id='word_1_53' title='bbox 809 968 843 1023; x_wconf 90' lang='lat' dir='ltr'>et</span> <span class='ocrx_word' id='word_1_54' title='bbox 867 958 991 1021; x_wconf 92' lang='lat' dir='ltr'>Rhodii</span> <span class='ocrx_word' id='word_1_55' title='bbox 1017 968 1052 1022; x_wconf 94' lang='lat' dir='ltr'>et</span> <span class='ocrx_word' id='word_1_56' title='bbox 1077 958 1229 1040; x_wconf 86' lang='lat' dir='ltr'>Byzantii</span> <span class='ocrx_word' id='word_1_57' title='bbox 1256 968 1290 1023; x_wconf 90' lang='lat' dir='ltr'>et</span> <span class='ocrx_word' id='word_1_58' title='bbox 1315 967 1445 1039; x_wconf 89' lang='lat' dir='ltr'>praeter</span> 
     </span>
     <span class='ocr_line' id='line_1_7' title="bbox 249 1062 1445 1144; baseline -0.007 -14"><span class='ocrx_word' id='word_1_59' title='bbox 249 1075 377 1130; x_wconf 92' lang='lat' dir='ltr'>ceteros</span> <span class='ocrx_word' id='word_1_60' title='bbox 402 1065 510 1130; x_wconf 91' lang='lat' dir='ltr'>Attici</span> <span class='ocrx_word' id='word_1_61' title='bbox 536 1063 728 1141; x_wconf 83' lang='lat' dir='ltr'>excellunt3</span> <span class='ocrx_word' id='word_1_62' title='bbox 758 1063 818 1126; x_wconf 91' lang='lat' dir='ltr'>sed</span> <span class='ocrx_word' id='word_1_63' title='bbox 836 1063 893 1144; x_wconf 95' lang='lat' dir='ltr'>qui</span> <span class='ocrx_word' id='word_1_64' title='bbox 920 1063 990 1124; x_wconf 90' lang='lat' dir='ltr'>eius</span> <span class='ocrx_word' id='word_1_65' title='bbox 1017 1063 1062 1124; x_wconf 90' lang='lat' dir='ltr'>rei</span> <span class='ocrx_word' id='word_1_66' title='bbox 1089 1062 1250 1125; x_wconf 90' lang='lat' dir='ltr'>rationem</span> <span class='ocrx_word' id='word_1_67' title='bbox 1278 1062 1445 1144; x_wconf 92' lang='lat' dir='ltr'>quandam</span> 
     </span>
     <span class='ocr_line' id='line_1_8' title="bbox 249 1162 1445 1249; baseline -0.007 -16"><span class='ocrx_word' id='word_1_68' title='bbox 249 1169 360 1234; x_wconf 89' lang='lat' dir='ltr'>conati</span> <span class='ocrx_word' id='word_1_69' title='bbox 387 1178 463 1232; x_wconf 92' lang='lat' dir='ltr'>sunt</span> <span class='ocrx_word' id='word_1_70' title='bbox 487 1176 660 1249; x_wconf 79' lang='lat' dir='ltr'>artemque</span> <span class='ocrx_word' id='word_1_71' title='bbox 685 1168 824 1241; x_wconf 86' lang='lat' dir='ltr'>tradere,</span> <span class='ocrx_word' id='word_1_72' title='bbox 852 1167 898 1229; x_wconf 89' lang='lat' dir='ltr'>sie</span> <span class='ocrx_word' id='word_1_73' title='bbox 924 1163 1038 1228; x_wconf 90' lang='lat' dir='ltr'>insulsi</span> <span class='ocrx_word' id='word_1_74' title='bbox 1066 1166 1275 1238; x_wconf 91' lang='lat' dir='ltr'>exstiterunt,</span> <span class='ocrx_word' id='word_1_75' title='bbox 1299 1175 1336 1227; x_wconf 91' lang='lat' dir='ltr'>ut</span> <span class='ocrx_word' id='word_1_76' title='bbox 1365 1162 1445 1227; x_wconf 90' lang='lat' dir='ltr'><strong>nihil</strong></span> 
     </span>
     <span class='ocr_line' id='line_1_9' title="bbox 249 1268 1513 1352; baseline -0.002 -17"><span class='ocrx_word' id='word_1_77' title='bbox 249 1272 338 1335; x_wconf 91' lang='lat' dir='ltr'>aliud</span> <span class='ocrx_word' id='word_1_78' title='bbox 361 1292 475 1334; x_wconf 91' lang='lat' dir='ltr'>eorum</span> <span class='ocrx_word' id='word_1_79' title='bbox 498 1272 559 1334; x_wconf 92' lang='lat' dir='ltr'>nisi</span> <span class='ocrx_word' id='word_1_80' title='bbox 582 1273 654 1352; x_wconf 90' lang='lat' dir='ltr'>ipsa</span> <span class='ocrx_word' id='word_1_81' title='bbox 676 1269 843 1333; x_wconf 83' lang='lat' dir='ltr'>insulsitas</span> <span class='ocrx_word' id='word_1_82' title='bbox 866 1268 1031 1345; x_wconf 90' lang='lat' dir='ltr'>rideatur;</span> <span class='ocrx_word' id='word_1_83' title='bbox 1058 1289 1125 1350; x_wconf 89' lang='lat' dir='ltr'>qua</span> <span class='ocrx_word' id='word_1_84' title='bbox 1150 1289 1184 1332; x_wconf 90' lang='lat' dir='ltr'>re</span> <span class='ocrx_word' id='word_1_85' title='bbox 1210 1268 1289 1330; x_wconf 92' lang='lat' dir='ltr'>mihi</span> <span class='ocrx_word' id='word_1_86' title='bbox 1311 1268 1445 1350; x_wconf 92' lang='lat' dir='ltr'>quidem</span> <span class='ocrx_word' id='word_1_87' title='bbox 1459 1285 1513 1332; x_wconf 83' lang='lat'>218</span> 
     </span>
    </p>
   </div>
   <div class='ocr_carea' id='block_1_3' title="bbox 207 1374 1517 1875">
    <p class='ocr_par' dir='ltr' id='par_1_3' title="bbox 250 1374 1446 1457">
     <span class='ocr_line' id='line_1_10' title="bbox 250 1374 1446 1457; baseline -0.007 -14"><span class='ocrx_word' id='word_1_88' title='bbox 250 1378 340 1443; x_wconf 95' lang='lat' dir='ltr'>nullo</span> <span class='ocrx_word' id='word_1_89' title='bbox 362 1379 463 1442; x_wconf 92' lang='lat' dir='ltr'>modo</span> <span class='ocrx_word' id='word_1_90' title='bbox 485 1379 615 1441; x_wconf 89' lang='lat' dir='ltr'>videtur</span> <span class='ocrx_word' id='word_1_91' title='bbox 634 1377 784 1441; x_wconf 90' lang='lat' dir='ltr'>doctrina</span> <span class='ocrx_word' id='word_1_92' title='bbox 806 1377 870 1438; x_wconf 90' lang='lat' dir='ltr'>ista</span> <span class='ocrx_word' id='word_1_93' title='bbox 893 1394 944 1438; x_wconf 87' lang='lat' dir='ltr'>res</span> <span class='ocrx_word' id='word_1_94' title='bbox 966 1395 1066 1457; x_wconf 91' lang='lat' dir='ltr'>posse</span> <span class='ocrx_word' id='word_1_95' title='bbox 1087 1374 1193 1438; x_wconf 92' lang='lat' dir='ltr'>tradi:</span> <span class='ocrx_word' id='word_1_96' title='bbox 1225 1375 1348 1438; x_wconf 89' lang='lat' dir='ltr'>etenim</span> <span class='ocrx_word' id='word_1_97' title='bbox 1371 1394 1446 1437; x_wconf 92' lang='lat' dir='ltr'>cum</span> 
     </span>
    </p>

    <p class='ocr_par' dir='ltr' id='par_1_4' title="bbox 207 1477 1517 1875">
     <span class='ocr_line' id='line_1_11' title="bbox 207 1477 1448 1564; baseline -0.001 -25"><span class='ocrx_word' id='word_1_98' title='bbox 207 1503 237 1539; x_wconf 77' lang='grc' dir='ltr'>ιο</span> <span class='ocrx_word' id='word_1_99' title='bbox 251 1483 317 1545; x_wconf 95' lang='lat' dir='ltr'>duo</span> <span class='ocrx_word' id='word_1_100' title='bbox 331 1502 453 1564; x_wconf 92' lang='lat' dir='ltr'>genera</span> <span class='ocrx_word' id='word_1_101' title='bbox 468 1481 534 1545; x_wconf 90' lang='lat' dir='ltr'>sint</span> <span class='ocrx_word' id='word_1_102' title='bbox 547 1480 748 1554; x_wconf 82' lang='lat' dir='ltr'>facetiarum,</span> <span class='ocrx_word' id='word_1_103' title='bbox 760 1479 901 1543; x_wconf 88' lang='lat' dir='ltr'>alterum</span> <span class='ocrx_word' id='word_1_104' title='bbox 913 1477 1129 1560; x_wconf 88' lang='lat' dir='ltr'>aequabiliter</span> <span class='ocrx_word' id='word_1_105' title='bbox 1143 1480 1177 1542; x_wconf 92' lang='lat' dir='ltr'>in</span> <span class='ocrx_word' id='word_1_106' title='bbox 1192 1479 1282 1540; x_wconf 92' lang='lat' dir='ltr'>omni</span> <span class='ocrx_word' id='word_1_107' title='bbox 1297 1497 1448 1541; x_wconf 90' lang='lat' dir='ltr'>sermone</span> 
     </span>
     <span class='ocr_line' id='line_1_12' title="bbox 249 1580 1449 1667; baseline -0.006 -19"><span class='ocrx_word' id='word_1_108' title='bbox 249 1585 368 1660; x_wconf 85' lang='lat' dir='ltr'>fusum,</span> <span class='ocrx_word' id='word_1_109' title='bbox 398 1585 538 1649; x_wconf 85' lang='lat' dir='ltr'>alterum</span> <span class='ocrx_word' id='word_1_110' title='bbox 567 1593 760 1667; x_wconf 91' lang='lat' dir='ltr'>peracutum</span> <span class='ocrx_word' id='word_1_111' title='bbox 783 1592 817 1646; x_wconf 93' lang='lat' dir='ltr'>et</span> <span class='ocrx_word' id='word_1_112' title='bbox 842 1583 951 1655; x_wconf 90' lang='lat' dir='ltr'>breve,</span> <span class='ocrx_word' id='word_1_113' title='bbox 976 1582 1032 1646; x_wconf 93' lang='lat' dir='ltr'>illa</span> <span class='ocrx_word' id='word_1_114' title='bbox 1062 1602 1083 1644; x_wconf 90' lang='lat' dir='ltr'>a</span> <span class='ocrx_word' id='word_1_115' title='bbox 1109 1582 1275 1645; x_wconf 89' lang='lat' dir='ltr'>veteribus</span> <span class='ocrx_word' id='word_1_116' title='bbox 1305 1580 1449 1662; x_wconf 89' lang='lat' dir='ltr'>superior</span> 
     </span>
     <span class='ocr_line' id='line_1_13' title="bbox 250 1684 1448 1763; baseline -0.006 -10"><span class='ocrx_word' id='word_1_117' title='bbox 250 1687 424 1763; x_wconf 84' lang='lat' dir='ltr'>cavillatio,</span> <span class='ocrx_word' id='word_1_118' title='bbox 440 1687 522 1751; x_wconf 89' lang='lat' dir='ltr'>haec</span> <span class='ocrx_word' id='word_1_119' title='bbox 540 1687 644 1752; x_wconf 90' lang='lat' dir='ltr'>altera</span> <span class='ocrx_word' id='word_1_120' title='bbox 659 1688 817 1751; x_wconf 86' lang='lat' dir='ltr'>dicacitas</span> <span class='ocrx_word' id='word_1_121' title='bbox 839 1686 1011 1749; x_wconf 91' lang='lat' dir='ltr'>nominata</span> <span class='ocrx_word' id='word_1_122' title='bbox 1027 1684 1196 1749; x_wconf 90' lang='lat' dir='ltr'>est-leve</span> <span class='ocrx_word' id='word_1_123' title='bbox 1211 1705 1332 1748; x_wconf 92' lang='lat' dir='ltr'>nomen</span> <span class='ocrx_word' id='word_1_124' title='bbox 1348 1684 1448 1748; x_wconf 92' lang='lat' dir='ltr'>habet</span> 
     </span>
     <span class='ocr_line' id='line_1_14' title="bbox 250 1789 1517 1875; baseline -0.004 -19"><span class='ocrx_word' id='word_1_125' title='bbox 250 1801 390 1874; x_wconf 89' lang='lat' dir='ltr'>utraque</span> <span class='ocrx_word' id='word_1_126' title='bbox 409 1797 477 1855; x_wconf 86' lang='lat' dir='ltr'>rest</span> <span class='ocrx_word' id='word_1_127' title='bbox 516 1793 659 1875; x_wconf 92' lang='lat' dir='ltr'>quippe;</span> <span class='ocrx_word' id='word_1_128' title='bbox 682 1791 756 1855; x_wconf 91' lang='lat' dir='ltr'>leve</span> <span class='ocrx_word' id='word_1_129' title='bbox 778 1792 867 1853; x_wconf 92' lang='lat' dir='ltr'>enim</span> <span class='ocrx_word' id='word_1_130' title='bbox 890 1798 942 1854; x_wconf 91' lang='lat' dir='ltr'>est</span> <span class='ocrx_word' id='word_1_131' title='bbox 964 1798 1073 1853; x_wconf 90' lang='lat' dir='ltr'>totum</span> <span class='ocrx_word' id='word_1_132' title='bbox 1095 1789 1157 1854; x_wconf 91' lang='lat' dir='ltr'>hoc</span> <span class='ocrx_word' id='word_1_133' title='bbox 1177 1790 1278 1852; x_wconf 90' lang='lat' dir='ltr'>risum</span> <span class='ocrx_word' id='word_1_134' title='bbox 1298 1809 1427 1852; x_wconf 93' lang='lat' dir='ltr'>movere</span> <span class='ocrx_word' id='word_1_135' title='bbox 1440 1814 1448 1866; x_wconf 84' lang='lat'>3</span> <span class='ocrx_word' id='word_1_136' title='bbox 1463 1806 1517 1852; x_wconf 82' lang='lat' dir='ltr'>als</span> 
     </span>
    </p>
   </div>
   <div class='ocr_carea' id='block_1_4' title="bbox 249 1951 1469 4642">
    <p class='ocr_par' dir='ltr' id='par_1_5' title="bbox 249 1951 1461 3195">
     <span class='ocr_line' id='line_1_15' title="bbox 285 1951 1450 2017; baseline -0.002 -17"><span class='ocrx_word' id='word_1_137' title='bbox 285 1966 307 2002; x_wconf 87' lang='lat'>2.</span> <span class='ocrx_word' id='word_1_138' title='bbox 325 1955 427 2009; x_wconf 82' lang='lat' dir='ltr'>Itaque</span> <span class='ocrx_word' id='word_1_139' title='bbox 444 1951 522 2017; x_wconf 85' lang='lat' dir='ltr'>really</span> <span class='ocrx_word' id='word_1_140' title='bbox 539 1951 681 2002; x_wconf 87' lang='lat' dir='ltr'>introduces</span> <span class='ocrx_word' id='word_1_141' title='bbox 698 1956 743 2000; x_wconf 92' lang='lat' dir='ltr'>not</span> <span class='ocrx_word' id='word_1_142' title='bbox 761 1958 826 2000; x_wconf 83' lang='lat' dir='ltr'>‘non</span> <span class='ocrx_word' id='word_1_143' title='bbox 875 1951 956 2001; x_wconf 81' lang='lat' dir='ltr'>facete</span> <span class='ocrx_word' id='word_1_144' title='bbox 973 1956 999 2001; x_wconf 91' lang='lat' dir='ltr'>et</span> <span class='ocrx_word' id='word_1_145' title='bbox 1014 1952 1145 2002; x_wconf 89' lang='lat' dir='ltr'>commode</span> <span class='ocrx_word' id='word_1_146' title='bbox 1164 1951 1263 2002; x_wconf 67' lang='lat' dir='ltr'>dicant!</span> <span class='ocrx_word' id='word_1_147' title='bbox 1296 1951 1395 2001; x_wconf 88' lang='lat' dir='ltr'>Caelius</span> <span class='ocrx_word' id='word_1_148' title='bbox 1409 1965 1450 2014; x_wconf 90' lang='lat' dir='ltr'>ap.</span> 
     </span>
     <span class='ocr_line' id='line_1_16' title="bbox 250 2015 1451 2100; baseline -0.003 -32"><span class='ocrx_word' id='word_1_149' title='bbox 250 2018 346 2068; x_wconf 85' lang='lat' dir='ltr'>nnllam</span> <span class='ocrx_word' id='word_1_150' title='bbox 358 2018 383 2066; x_wconf 93' lang='lat' dir='ltr'>in</span> <span class='ocrx_word' id='word_1_151' title='bbox 395 2033 465 2100; x_wconf 91' lang='lat' dir='ltr'>spem</span> <span class='ocrx_word' id='word_1_152' title='bbox 476 2017 606 2074; x_wconf 86' lang='lat' dir='ltr'>veneram,&#39;</span> <span class='ocrx_word' id='word_1_153' title='bbox 618 2019 664 2066; x_wconf 91' lang='lat' dir='ltr'>but</span> <span class='ocrx_word' id='word_1_154' title='bbox 677 2018 727 2066; x_wconf 90' lang='lat' dir='ltr'>‘sic</span> <span class='ocrx_word' id='word_1_155' title='bbox 739 2015 827 2066; x_wconf 88' lang='lat' dir='ltr'>insulsi</span> <span class='ocrx_word' id='word_1_156' title='bbox 876 2016 961 2081; x_wconf 83' lang='lat' dir='ltr'>Quint</span> <span class='ocrx_word' id='word_1_157' title='bbox 981 2017 1015 2067; x_wconf 82' lang='lat' dir='ltr'>vi.</span> <span class='ocrx_word' id='word_1_158' title='bbox 1032 2033 1055 2081; x_wconf 77' lang='lat'>3.</span> <span class='ocrx_word' id='word_1_159' title='bbox 1073 2032 1103 2080; x_wconf 74' lang='lat'>41</span> <span class='ocrx_word' id='word_1_160' title='bbox 1126 2018 1225 2078; x_wconf 65' lang='lat' dir='ltr'>‘sient</span> <span class='ocrx_word' id='word_1_161' title='bbox 1245 2024 1273 2066; x_wconf 92' lang='lat' dir='ltr'>ut</span> <span class='ocrx_word' id='word_1_162' title='bbox 1292 2023 1349 2066; x_wconf 90' lang='lat' dir='ltr'>sunt</span> <span class='ocrx_word' id='word_1_163' title='bbox 1364 2017 1451 2066; x_wconf 86' lang='lat' dir='ltr'>lascivi</span> 
     </span>
     <span class='ocr_line' id='line_1_17' title="bbox 249 2081 1456 2146; baseline -0.007 -10"><span class='ocrx_word' id='word_1_164' title='bbox 249 2084 404 2136; x_wconf 87' lang='lat' dir='ltr'>exstiterunt.</span> <span class='ocrx_word' id='word_1_165' title='bbox 446 2084 493 2132; x_wconf 87' lang='lat' dir='ltr'>We</span> <span class='ocrx_word' id='word_1_166' title='bbox 508 2084 600 2133; x_wconf 89' lang='lat' dir='ltr'>should</span> <span class='ocrx_word' id='word_1_167' title='bbox 619 2098 687 2132; x_wconf 83' lang='lat' dir='ltr'>more</span> <span class='ocrx_word' id='word_1_168' title='bbox 704 2082 829 2143; x_wconf 84' lang='lat' dir='ltr'>naturally</span> <span class='ocrx_word' id='word_1_169' title='bbox 876 2094 902 2133; x_wconf 92' lang='lat' dir='ltr'>et</span> <span class='ocrx_word' id='word_1_170' title='bbox 929 2082 1042 2132; x_wconf 70' lang='lat' dir='ltr'>dicaces?</span> <span class='ocrx_word' id='word_1_171' title='bbox 1076 2083 1127 2131; x_wconf 92' lang='lat' dir='ltr'>For</span> <span class='ocrx_word' id='word_1_172' title='bbox 1148 2083 1191 2132; x_wconf 90' lang='lat' dir='ltr'>the</span> <span class='ocrx_word' id='word_1_173' title='bbox 1218 2083 1286 2146; x_wconf 88' lang='lat' dir='ltr'>early</span> <span class='ocrx_word' id='word_1_174' title='bbox 1307 2083 1404 2146; x_wconf 87' lang='lat' dir='ltr'>history</span> <span class='ocrx_word' id='word_1_175' title='bbox 1425 2081 1456 2131; x_wconf 84' lang='lat' dir='ltr'>ol</span> 
     </span>
     <span class='ocr_line' id='line_1_18' title="bbox 251 2147 1452 2212; baseline -0.004 -13"><span class='ocrx_word' id='word_1_176' title='bbox 251 2151 300 2199; x_wconf 88' lang='lat' dir='ltr'>aud</span> <span class='ocrx_word' id='word_1_177' title='bbox 311 2165 380 2198; x_wconf 89' lang='lat' dir='ltr'>more</span> <span class='ocrx_word' id='word_1_178' title='bbox 396 2148 517 2212; x_wconf 87' lang='lat' dir='ltr'>logically</span> <span class='ocrx_word' id='word_1_179' title='bbox 527 2150 601 2198; x_wconf 83' lang='lat' dir='ltr'>make</span> <span class='ocrx_word' id='word_1_180' title='bbox 616 2149 659 2198; x_wconf 91' lang='lat' dir='ltr'>the</span> <span class='ocrx_word' id='word_1_181' title='bbox 676 2148 729 2197; x_wconf 86' lang='lat' dir='ltr'>first</span> <span class='ocrx_word' id='word_1_182' title='bbox 744 2148 828 2196; x_wconf 91' lang='lat' dir='ltr'>clause</span> <span class='ocrx_word' id='word_1_183' title='bbox 877 2149 982 2212; x_wconf 86' lang='lat' dir='ltr'>comedy</span> <span class='ocrx_word' id='word_1_184' title='bbox 994 2149 1019 2197; x_wconf 89' lang='lat' dir='ltr'>in</span> <span class='ocrx_word' id='word_1_185' title='bbox 1036 2148 1113 2212; x_wconf 89' lang='lat' dir='ltr'>Sicily</span> <span class='ocrx_word' id='word_1_186' title='bbox 1129 2149 1207 2198; x_wconf 90' lang='lat' dir='ltr'>under</span> <span class='ocrx_word' id='word_1_187' title='bbox 1223 2149 1386 2212; x_wconf 88' lang='lat' dir='ltr'>Epicharmus</span> <span class='ocrx_word' id='word_1_188' title='bbox 1401 2147 1452 2196; x_wconf 91' lang='lat' dir='ltr'>and</span> 
     </span>
     <span class='ocr_line' id='line_1_19' title="bbox 251 2211 1450 2278; baseline -0.003 -14"><span class='ocrx_word' id='word_1_189' title='bbox 251 2214 412 2264; x_wconf 88' lang='lat' dir='ltr'>subordinate</span> <span class='ocrx_word' id='word_1_190' title='bbox 424 2222 451 2264; x_wconf 95' lang='lat' dir='ltr'>to</span> <span class='ocrx_word' id='word_1_191' title='bbox 463 2214 506 2263; x_wconf 91' lang='lat' dir='ltr'>the</span> <span class='ocrx_word' id='word_1_192' title='bbox 517 2216 618 2273; x_wconf 87' lang='lat' dir='ltr'>second,</span> <span class='ocrx_word' id='word_1_193' title='bbox 628 2221 672 2264; x_wconf 93' lang='lat' dir='ltr'>not</span> <span class='ocrx_word' id='word_1_194' title='bbox 683 2213 828 2264; x_wconf 88' lang='lat' dir='ltr'>coordinate</span> <span class='ocrx_word' id='word_1_195' title='bbox 876 2214 992 2278; x_wconf 89' lang='lat' dir='ltr'>Sophron</span> <span class='ocrx_word' id='word_1_196' title='bbox 1007 2230 1046 2278; x_wconf 92' lang='lat' dir='ltr'>cp.</span> <span class='ocrx_word' id='word_1_197' title='bbox 1058 2214 1167 2276; x_wconf 87' lang='lat' dir='ltr'>Curtius,</span> <span class='ocrx_word' id='word_1_198' title='bbox 1183 2215 1248 2262; x_wconf 92' lang='lat' dir='ltr'>Hist.</span> <span class='ocrx_word' id='word_1_199' title='bbox 1260 2214 1302 2264; x_wconf 82' lang='lat' dir='ltr'>iii.¹</span> <span class='ocrx_word' id='word_1_200' title='bbox 1310 2229 1352 2278; x_wconf 90' lang='lat' dir='ltr'>pp.</span> <span class='ocrx_word' id='word_1_201' title='bbox 1367 2227 1410 2274; x_wconf 77' lang='lat'>23¹</span> <span class='ocrx_word' id='word_1_202' title='bbox 1424 2211 1450 2261; x_wconf 83' lang='lat' dir='ltr'>ff.</span> 
     </span>
     <span class='ocr_line' id='line_1_20' title="bbox 250 2278 1451 2342; baseline -0.002 -13"><span class='ocrx_word' id='word_1_203' title='bbox 250 2279 312 2330; x_wconf 89' lang='lat' dir='ltr'>with</span> <span class='ocrx_word' id='word_1_204' title='bbox 323 2281 351 2328; x_wconf 87' lang='lat' dir='ltr'>it.</span> <span class='ocrx_word' id='word_1_205' title='bbox 385 2280 431 2329; x_wconf 91' lang='lat' dir='ltr'>See</span> <span class='ocrx_word' id='word_1_206' title='bbox 443 2287 500 2329; x_wconf 89' lang='lat' dir='ltr'>note</span> <span class='ocrx_word' id='word_1_207' title='bbox 512 2297 544 2329; x_wconf 93' lang='lat' dir='ltr'>on</span> <span class='ocrx_word' id='word_1_208' title='bbox 558 2286 571 2340; x_wconf 84' lang='lat'>§</span> <span class='ocrx_word' id='word_1_209' title='bbox 586 2294 648 2338; x_wconf 69' lang='grc' dir='ltr'>ηις</span> <span class='ocrx_word' id='word_1_210' title='bbox 664 2281 740 2328; x_wconf 90' lang='lat' dir='ltr'>Tusc.</span> <span class='ocrx_word' id='word_1_211' title='bbox 754 2279 787 2327; x_wconf 86' lang='lat' dir='ltr'>D.</span> <span class='ocrx_word' id='word_1_212' title='bbox 801 2279 827 2329; x_wconf 91' lang='lat' dir='ltr'>ii.</span> <span class='ocrx_word' id='word_1_213' title='bbox 878 2281 965 2342; x_wconf 85' lang='lat' dir='ltr'>(trans.</span> <span class='ocrx_word' id='word_1_214' title='bbox 977 2279 1140 2340; x_wconf 91' lang='lat' dir='ltr'>Ward),who</span> <span class='ocrx_word' id='word_1_215' title='bbox 1152 2280 1261 2328; x_wconf 86' lang='lat' dir='ltr'>remarks</span> <span class='ocrx_word' id='word_1_216' title='bbox 1274 2279 1302 2328; x_wconf 89' lang='lat' dir='ltr'>of</span> <span class='ocrx_word' id='word_1_217' title='bbox 1311 2278 1451 2342; x_wconf 86' lang='lat' dir='ltr'>Megarain</span> 
     </span>
     <span class='ocr_line' id='line_1_21' title="bbox 253 2343 1453 2410; baseline -0.002 -16"><span class='ocrx_word' id='word_1_218' title='bbox 253 2345 291 2394; x_wconf 77' lang='lat'>26.</span> <span class='ocrx_word' id='word_1_219' title='bbox 303 2344 333 2394; x_wconf 78' lang='lat'>61</span> <span class='ocrx_word' id='word_1_220' title='bbox 350 2345 448 2409; x_wconf 78' lang='lat' dir='ltr'>‘itaque</span> <span class='ocrx_word' id='word_1_221' title='bbox 463 2361 559 2410; x_wconf 86' lang='lat' dir='ltr'>semper</span> <span class='ocrx_word' id='word_1_222' title='bbox 574 2345 705 2395; x_wconf 80' lang='lat' dir='ltr'>Africanus</span> <span class='ocrx_word' id='word_1_223' title='bbox 721 2343 829 2394; x_wconf 89' lang='lat' dir='ltr'>Socrati·</span> <span class='ocrx_word' id='word_1_224' title='bbox 876 2345 1015 2408; x_wconf 82' lang='lat' dir='ltr'>Sicily‘the</span> <span class='ocrx_word' id='word_1_225' title='bbox 1027 2345 1127 2394; x_wconf 84' lang='lat' dir='ltr'>citizens</span> <span class='ocrx_word' id='word_1_226' title='bbox 1135 2345 1164 2394; x_wconf 83' lang='lat' dir='ltr'>oi</span> <span class='ocrx_word' id='word_1_227' title='bbox 1170 2345 1219 2393; x_wconf 90' lang='lat' dir='ltr'>this</span> <span class='ocrx_word' id='word_1_228' title='bbox 1228 2345 1293 2394; x_wconf 91' lang='lat' dir='ltr'>little</span> <span class='ocrx_word' id='word_1_229' title='bbox 1299 2344 1453 2406; x_wconf 87' lang='lat' dir='ltr'>community</span> 
     </span>
     <span class='ocr_line' id='line_1_22' title="bbox 251 2409 1451 2474; baseline -0.002 -15"><span class='ocrx_word' id='word_1_230' title='bbox 251 2426 309 2460; x_wconf 92' lang='lat' dir='ltr'>cum</span> <span class='ocrx_word' id='word_1_231' title='bbox 327 2409 517 2474; x_wconf 89' lang='lat' dir='ltr'>Xenophontem</span> <span class='ocrx_word' id='word_1_232' title='bbox 537 2411 562 2459; x_wconf 90' lang='lat' dir='ltr'>in</span> <span class='ocrx_word' id='word_1_233' title='bbox 578 2412 692 2460; x_wconf 90' lang='lat' dir='ltr'>manibus</span> <span class='ocrx_word' id='word_1_234' title='bbox 710 2410 828 2465; x_wconf 86' lang='lat' dir='ltr'>habebat,</span> <span class='ocrx_word' id='word_1_235' title='bbox 876 2426 948 2470; x_wconf 87' lang='lat' dir='ltr'>were,</span> <span class='ocrx_word' id='word_1_236' title='bbox 960 2410 1010 2459; x_wconf 87' lang='lat' dir='ltr'>like</span> <span class='ocrx_word' id='word_1_237' title='bbox 1022 2411 1064 2459; x_wconf 92' lang='lat' dir='ltr'>the</span> <span class='ocrx_word' id='word_1_238' title='bbox 1082 2411 1227 2474; x_wconf 85' lang='lat' dir='ltr'>Megareans</span> <span class='ocrx_word' id='word_1_239' title='bbox 1243 2411 1269 2458; x_wconf 92' lang='lat' dir='ltr'>in</span> <span class='ocrx_word' id='word_1_240' title='bbox 1287 2411 1385 2470; x_wconf 88' lang='lat' dir='ltr'>Hellas,</span> <span class='ocrx_word' id='word_1_241' title='bbox 1396 2425 1451 2474; x_wconf 89' lang='lat' dir='ltr'>par·</span> 
     </span>
     <span class='ocr_line' id='line_1_23' title="bbox 252 2473 1453 2541; baseline -0.003 -16"><span class='ocrx_word' id='word_1_242' title='bbox 252 2476 322 2525; x_wconf 90' lang='lat' dir='ltr'>cuius</span> <span class='ocrx_word' id='word_1_243' title='bbox 345 2475 370 2523; x_wconf 91' lang='lat' dir='ltr'>in</span> <span class='ocrx_word' id='word_1_244' title='bbox 388 2475 474 2538; x_wconf 90' lang='lat' dir='ltr'>primis</span> <span class='ocrx_word' id='word_1_245' title='bbox 490 2475 609 2524; x_wconf 90' lang='lat' dir='ltr'>laudabat</span> <span class='ocrx_word' id='word_1_246' title='bbox 631 2473 828 2538; x_wconf 89' lang='lat' dir='ltr'>illud&#39;=itaque</span> <span class='ocrx_word' id='word_1_247' title='bbox 876 2476 992 2540; x_wconf 89' lang='lat' dir='ltr'>ticularly</span> <span class='ocrx_word' id='word_1_248' title='bbox 1014 2475 1193 2538; x_wconf 84' lang='lat' dir='ltr'>distinguished</span> <span class='ocrx_word' id='word_1_249' title='bbox 1219 2477 1252 2541; x_wconf 94' lang='lat' dir='ltr'>by</span> <span class='ocrx_word' id='word_1_250' title='bbox 1273 2475 1371 2524; x_wconf 88' lang='lat' dir='ltr'>natural</span> <span class='ocrx_word' id='word_1_251' title='bbox 1392 2473 1453 2539; x_wconf 86' lang='lat' dir='ltr'>gifts</span> 
     </span>
     <span class='ocr_line' id='line_1_24' title="bbox 252 2540 1451 2606; baseline -0.002 -17"><span class='ocrx_word' id='word_1_252' title='bbox 252 2542 292 2599; x_wconf 79' lang='lat' dir='ltr'>A,</span> <span class='ocrx_word' id='word_1_253' title='bbox 312 2541 355 2603; x_wconf 93' lang='lat' dir='ltr'>qui</span> <span class='ocrx_word' id='word_1_254' title='bbox 373 2555 470 2602; x_wconf 86' lang='lat' dir='ltr'>semper</span> <span class='ocrx_word' id='word_1_255' title='bbox 488 2542 520 2589; x_wconf 90' lang='lat' dir='ltr'>X.</span> <span class='ocrx_word' id='word_1_256' title='bbox 537 2541 562 2589; x_wconf 93' lang='lat' dir='ltr'>in</span> <span class='ocrx_word' id='word_1_257' title='bbox 579 2543 693 2590; x_wconf 88' lang='lat' dir='ltr'>manibus</span> <span class='ocrx_word' id='word_1_258' title='bbox 709 2540 828 2599; x_wconf 91' lang='lat' dir='ltr'>habebat,</span> <span class='ocrx_word' id='word_1_259' title='bbox 877 2541 1017 2606; x_wconf 82' lang='lat' dir='ltr'>qnaliiying</span> <span class='ocrx_word' id='word_1_260' title='bbox 1033 2541 1102 2590; x_wconf 91' lang='lat' dir='ltr'>them</span> <span class='ocrx_word' id='word_1_261' title='bbox 1119 2541 1158 2590; x_wconf 84' lang='lat' dir='ltr'>lor</span> <span class='ocrx_word' id='word_1_262' title='bbox 1175 2542 1217 2590; x_wconf 89' lang='lat' dir='ltr'>the</span> <span class='ocrx_word' id='word_1_263' title='bbox 1235 2541 1384 2606; x_wconf 91' lang='lat' dir='ltr'>production</span> <span class='ocrx_word' id='word_1_264' title='bbox 1402 2540 1451 2589; x_wconf 86' lang='lat' dir='ltr'>and</span> 
     </span>
     <span class='ocr_line' id='line_1_25' title="bbox 251 2603 1453 2671; baseline 0 -19"><span class='ocrx_word' id='word_1_265' title='bbox 251 2605 325 2653; x_wconf 88' lang='lat' dir='ltr'>huius</span> <span class='ocrx_word' id='word_1_266' title='bbox 335 2604 359 2652; x_wconf 90' lang='lat' dir='ltr'>in</span> <span class='ocrx_word' id='word_1_267' title='bbox 368 2605 453 2668; x_wconf 90' lang='lat' dir='ltr'>primis</span> <span class='ocrx_word' id='word_1_268' title='bbox 462 2603 580 2654; x_wconf 83' lang='lat' dir='ltr'>laudabat</span> <span class='ocrx_word' id='word_1_269' title='bbox 589 2606 661 2656; x_wconf 89' lang='lat' dir='ltr'>illud.</span> <span class='ocrx_word' id='word_1_270' title='bbox 684 2606 731 2670; x_wconf 91' lang='lat' dir='ltr'>Cp.</span> <span class='ocrx_word' id='word_1_271' title='bbox 742 2605 828 2655; x_wconf 87' lang='lat' dir='ltr'>Madv.</span> <span class='ocrx_word' id='word_1_272' title='bbox 877 2607 1048 2671; x_wconf 86' lang='lat' dir='ltr'>appreciation</span> <span class='ocrx_word' id='word_1_273' title='bbox 1071 2606 1100 2655; x_wconf 84' lang='lat' dir='ltr'>of</span> <span class='ocrx_word' id='word_1_274' title='bbox 1115 2607 1259 2664; x_wconf 90' lang='lat' dir='ltr'>humorous,</span> <span class='ocrx_word' id='word_1_275' title='bbox 1279 2606 1366 2656; x_wconf 80' lang='lat' dir='ltr'>festive</span> <span class='ocrx_word' id='word_1_276' title='bbox 1382 2605 1453 2670; x_wconf 85' lang='lat' dir='ltr'>plays</span> 
     </span>
     <span class='ocr_line' id='line_1_26' title="bbox 252 2669 1454 2736; baseline -0.001 -17"><span class='ocrx_word' id='word_1_277' title='bbox 252 2685 286 2719; x_wconf 94' lang='lat' dir='ltr'>on</span> <span class='ocrx_word' id='word_1_278' title='bbox 296 2669 328 2717; x_wconf 94' lang='lat' dir='ltr'>de</span> <span class='ocrx_word' id='word_1_279' title='bbox 340 2669 393 2717; x_wconf 81' lang='lat' dir='ltr'>Fin.</span> <span class='ocrx_word' id='word_1_280' title='bbox 401 2669 449 2720; x_wconf 90' lang='lat' dir='ltr'>i.6.</span> <span class='ocrx_word' id='word_1_281' title='bbox 461 2672 505 2718; x_wconf 91' lang='lat'>18:</span> <span class='ocrx_word' id='word_1_282' title='bbox 517 2676 524 2696; x_wconf 86' lang='lat'><strong>⁴</strong></span> <span class='ocrx_word' id='word_1_283' title='bbox 534 2670 562 2719; x_wconf 85' lang='lat' dir='ltr'>fit</span> <span class='ocrx_word' id='word_1_284' title='bbox 571 2670 750 2720; x_wconf 90' lang='lat' dir='ltr'>hocinterdum</span> <span class='ocrx_word' id='word_1_285' title='bbox 759 2671 827 2735; x_wconf 88' lang='lat' dir='ltr'>apud</span> <span class='ocrx_word' id='word_1_286' title='bbox 876 2671 926 2720; x_wconf 87' lang='lat' dir='ltr'>and</span> <span class='ocrx_word' id='word_1_287' title='bbox 931 2671 1243 2736; x_wconf 84' lang='lat' dir='ltr'>mimicrepresentations.&#39;</span> <span class='ocrx_word' id='word_1_288' title='bbox 1259 2672 1314 2721; x_wconf 86' lang='lat' dir='ltr'>The</span> <span class='ocrx_word' id='word_1_289' title='bbox 1319 2672 1454 2736; x_wconf 86' lang='lat' dir='ltr'>Megarean</span> 
     </span>
     <span class='ocr_line' id='line_1_27' title="bbox 253 2735 1454 2801; baseline -0.001 -17"><span class='ocrx_word' id='word_1_290' title='bbox 253 2735 407 2788; x_wconf 86' lang='lat' dir='ltr'>Ciceronem,</span> <span class='ocrx_word' id='word_1_291' title='bbox 418 2742 445 2782; x_wconf 93' lang='lat' dir='ltr'>ut</span> <span class='ocrx_word' id='word_1_292' title='bbox 462 2735 574 2784; x_wconf 87' lang='lat' dir='ltr'>oratione</span> <span class='ocrx_word' id='word_1_293' title='bbox 590 2751 640 2784; x_wconf 92' lang='lat' dir='ltr'>non</span> <span class='ocrx_word' id='word_1_294' title='bbox 655 2737 742 2784; x_wconf 87' lang='lat' dir='ltr'>statim</span> <span class='ocrx_word' id='word_1_295' title='bbox 759 2743 828 2785; x_wconf 93' lang='lat' dir='ltr'>recto</span> <span class='ocrx_word' id='word_1_296' title='bbox 877 2737 997 2786; x_wconf 86' lang='lat' dir='ltr'>colonists</span> <span class='ocrx_word' id='word_1_297' title='bbox 1009 2738 1038 2787; x_wconf 81' lang='lat' dir='ltr'>ol</span> <span class='ocrx_word' id='word_1_298' title='bbox 1046 2737 1192 2801; x_wconf 86' lang='lat' dir='ltr'>Byzantium</span> <span class='ocrx_word' id='word_1_299' title='bbox 1207 2738 1318 2787; x_wconf 87' lang='lat' dir='ltr'>retained</span> <span class='ocrx_word' id='word_1_300' title='bbox 1331 2737 1374 2786; x_wconf 91' lang='lat' dir='ltr'>the</span> <span class='ocrx_word' id='word_1_301' title='bbox 1385 2750 1454 2785; x_wconf 88' lang='lat' dir='ltr'>same</span> 
     </span>
     <span class='ocr_line' id='line_1_28' title="bbox 252 2800 1455 2868; baseline 0 -19"><span class='ocrx_word' id='word_1_302' title='bbox 252 2815 325 2849; x_wconf 85' lang='lat' dir='ltr'>cursu</span> <span class='ocrx_word' id='word_1_303' title='bbox 339 2814 370 2848; x_wconf 88' lang='lat' dir='ltr'>ec</span> <span class='ocrx_word' id='word_1_304' title='bbox 385 2801 557 2863; x_wconf 83' lang='lat' dir='ltr'>progrediente</span> <span class='ocrx_word' id='word_1_305' title='bbox 573 2816 623 2866; x_wconf 91' lang='lat' dir='ltr'>quo</span> <span class='ocrx_word' id='word_1_306' title='bbox 638 2801 753 2860; x_wconf 89' lang='lat' dir='ltr'>debebat,</span> <span class='ocrx_word' id='word_1_307' title='bbox 771 2817 829 2865; x_wconf 89' lang='lat' dir='ltr'>par·</span> <span class='ocrx_word' id='word_1_308' title='bbox 877 2809 963 2859; x_wconf 87' lang='lat' dir='ltr'>tastes,</span> <span class='ocrx_word' id='word_1_309' title='bbox 991 2802 1073 2852; x_wconf 89' lang='lat' dir='ltr'>which</span> <span class='ocrx_word' id='word_1_310' title='bbox 1101 2819 1165 2852; x_wconf 87' lang='lat' dir='ltr'>were</span> <span class='ocrx_word' id='word_1_311' title='bbox 1193 2803 1328 2868; x_wconf 89' lang='lat' dir='ltr'>developed</span> <span class='ocrx_word' id='word_1_312' title='bbox 1356 2804 1390 2867; x_wconf 94' lang='lat' dir='ltr'>by</span> <span class='ocrx_word' id='word_1_313' title='bbox 1412 2800 1455 2850; x_wconf 90' lang='lat' dir='ltr'>the</span> 
     </span>
     <span class='ocr_line' id='line_1_29' title="bbox 253 2865 1456 2933; baseline 0.001 -19"><span class='ocrx_word' id='word_1_314' title='bbox 253 2865 332 2914; x_wconf 86' lang='lat' dir='ltr'>ticula</span> <span class='ocrx_word' id='word_1_315' title='bbox 342 2866 476 2914; x_wconf 85' lang='lat' dir='ltr'>sententias</span> <span class='ocrx_word' id='word_1_316' title='bbox 492 2876 639 2916; x_wconf 79' lang='lat' dir='ltr'>connectens</span> <span class='ocrx_word' id='word_1_317' title='bbox 650 2866 735 2930; x_wconf 91' lang='lat' dir='ltr'>inepta</span> <span class='ocrx_word' id='word_1_318' title='bbox 746 2866 829 2914; x_wconf 83' lang='lat' dir='ltr'>videa·</span> <span class='ocrx_word' id='word_1_319' title='bbox 876 2868 1086 2933; x_wconf 74' lang='lat' dir='ltr'>pleasureloving</span> <span class='ocrx_word' id='word_1_320' title='bbox 1104 2868 1154 2927; x_wconf 83' lang='lat' dir='ltr'>life,</span> <span class='ocrx_word' id='word_1_321' title='bbox 1172 2869 1211 2918; x_wconf 80' lang='lat' dir='ltr'>lor</span> <span class='ocrx_word' id='word_1_322' title='bbox 1226 2870 1309 2918; x_wconf 88' lang='lat' dir='ltr'>which</span> <span class='ocrx_word' id='word_1_323' title='bbox 1329 2868 1384 2917; x_wconf 91' lang='lat' dir='ltr'>that</span> <span class='ocrx_word' id='word_1_324' title='bbox 1404 2867 1456 2929; x_wconf 86' lang='lat' dir='ltr'>city</span> 
     </span>
     <span class='ocr_line' id='line_1_30' title="bbox 254 2930 1456 2989; baseline 0.002 -11"><span class='ocrx_word' id='word_1_325' title='bbox 254 2939 302 2989; x_wconf 90' lang='lat' dir='ltr'>tur,</span> <span class='ocrx_word' id='word_1_326' title='bbox 315 2931 334 2978; x_wconf 90' lang='lat' dir='ltr'>si</span> <span class='ocrx_word' id='word_1_327' title='bbox 346 2931 378 2978; x_wconf 88' lang='lat' dir='ltr'>ad</span> <span class='ocrx_word' id='word_1_328' title='bbox 389 2946 445 2979; x_wconf 89' lang='lat' dir='ltr'>eam</span> <span class='ocrx_word' id='word_1_329' title='bbox 454 2931 534 2980; x_wconf 88' lang='lat' dir='ltr'>solam</span> <span class='ocrx_word' id='word_1_330' title='bbox 545 2933 692 2982; x_wconf 87' lang='lat' dir='ltr'>sententiam</span> <span class='ocrx_word' id='word_1_331' title='bbox 703 2930 829 2988; x_wconf 79' lang='lat' dir='ltr'>reseratur,</span> <span class='ocrx_word' id='word_1_332' title='bbox 876 2950 927 2983; x_wconf 88' lang='lat' dir='ltr'>was</span> <span class='ocrx_word' id='word_1_333' title='bbox 945 2935 1029 2985; x_wconf 85' lang='lat' dir='ltr'>noted</span> <span class='ocrx_word' id='word_1_334' title='bbox 1063 2935 1117 2984; x_wconf 88' lang='lat' dir='ltr'>The</span> <span class='ocrx_word' id='word_1_335' title='bbox 1132 2935 1249 2984; x_wconf 84' lang='lat' dir='ltr'>Rhodian</span> <span class='ocrx_word' id='word_1_336' title='bbox 1264 2935 1404 2984; x_wconf 91' lang='lat' dir='ltr'>witticisms</span> <span class='ocrx_word' id='word_1_337' title='bbox 1421 2933 1456 2980; x_wconf 94' lang='lat' dir='ltr'>do</span> 
     </span>
     <span class='ocr_line' id='line_1_31' title="bbox 253 2995 1457 3062; baseline 0.002 -18"><span class='ocrx_word' id='word_1_338' title='bbox 253 2996 340 3060; x_wconf 91' lang='lat' dir='ltr'>inqua</span> <span class='ocrx_word' id='word_1_339' title='bbox 356 2995 439 3059; x_wconf 91' lang='lat' dir='ltr'>posita</span> <span class='ocrx_word' id='word_1_340' title='bbox 449 2995 490 3055; x_wconf 90' lang='lat' dir='ltr'>sit,</span> <span class='ocrx_word' id='word_1_341' title='bbox 502 2998 656 3062; x_wconf 87' lang='lat' dir='ltr'>maximeque</span> <span class='ocrx_word' id='word_1_342' title='bbox 672 2998 721 3047; x_wconf 92' lang='lat' dir='ltr'>hoc</span> <span class='ocrx_word' id='word_1_343' title='bbox 739 2997 830 3046; x_wconf 89' lang='lat' dir='ltr'>accidit</span> <span class='ocrx_word' id='word_1_344' title='bbox 875 3005 921 3047; x_wconf 93' lang='lat' dir='ltr'>not</span> <span class='ocrx_word' id='word_1_345' title='bbox 939 3014 1004 3048; x_wconf 89' lang='lat' dir='ltr'>seem</span> <span class='ocrx_word' id='word_1_346' title='bbox 1016 3005 1043 3048; x_wconf 89' lang='lat' dir='ltr'>to</span> <span class='ocrx_word' id='word_1_347' title='bbox 1057 3001 1089 3050; x_wconf 89' lang='lat' dir='ltr'>be</span> <span class='ocrx_word' id='word_1_348' title='bbox 1104 3001 1246 3050; x_wconf 91' lang='lat' dir='ltr'>mentioned</span> <span class='ocrx_word' id='word_1_349' title='bbox 1261 3000 1398 3052; x_wconf 86' lang='lat' dir='ltr'>elsewhere.</span> <span class='ocrx_word' id='word_1_350' title='bbox 1411 2999 1457 3046; x_wconf 93' lang='lat' dir='ltr'>but</span> 
     </span>
     <span class='ocr_line' id='line_1_32' title="bbox 254 3061 1457 3128; baseline 0.002 -18"><span class='ocrx_word' id='word_1_351' title='bbox 254 3061 279 3110; x_wconf 93' lang='lat' dir='ltr'>in</span> <span class='ocrx_word' id='word_1_352' title='bbox 288 3061 319 3109; x_wconf 91' lang='lat' dir='ltr'>iis</span> <span class='ocrx_word' id='word_1_353' title='bbox 326 3063 460 3124; x_wconf 85' lang='lat' dir='ltr'>particulis.</span> <span class='ocrx_word' id='word_1_354' title='bbox 470 3077 534 3126; x_wconf 90' lang='lat' dir='ltr'>quae</span> <span class='ocrx_word' id='word_1_355' title='bbox 543 3064 698 3114; x_wconf 86' lang='lat' dir='ltr'>conclusivae</span> <span class='ocrx_word' id='word_1_356' title='bbox 705 3062 829 3123; x_wconf 89' lang='lat' dir='ltr'>dicuntur,</span> <span class='ocrx_word' id='word_1_357' title='bbox 878 3063 922 3112; x_wconf 92' lang='lat' dir='ltr'>the</span> <span class='ocrx_word' id='word_1_358' title='bbox 937 3064 1087 3114; x_wconf 86' lang='lat' dir='ltr'>intellectnal</span> <span class='ocrx_word' id='word_1_359' title='bbox 1102 3066 1205 3128; x_wconf 86' lang='lat' dir='ltr'>activity</span> <span class='ocrx_word' id='word_1_360' title='bbox 1216 3066 1246 3114; x_wconf 85' lang='lat' dir='ltr'>of</span> <span class='ocrx_word' id='word_1_361' title='bbox 1253 3066 1296 3116; x_wconf 92' lang='lat' dir='ltr'>the</span> <span class='ocrx_word' id='word_1_362' title='bbox 1312 3065 1392 3113; x_wconf 86' lang='lat' dir='ltr'>island</span> <span class='ocrx_word' id='word_1_363' title='bbox 1404 3079 1457 3112; x_wconf 90' lang='lat' dir='ltr'>was</span> 
     </span>
     <span class='ocr_line' id='line_1_33' title="bbox 253 3127 1461 3195; baseline 0.002 -21"><span class='ocrx_word' id='word_1_364' title='bbox 253 3127 514 3190; x_wconf 60' lang='lat' dir='ltr'>traquaquaraaliis?</span> <span class='ocrx_word' id='word_1_365' title='bbox 878 3136 957 3193; x_wconf 87' lang='lat' dir='ltr'>great,</span> <span class='ocrx_word' id='word_1_366' title='bbox 981 3130 1031 3178; x_wconf 86' lang='lat' dir='ltr'>and</span> <span class='ocrx_word' id='word_1_367' title='bbox 1052 3131 1131 3180; x_wconf 84' lang='lat' dir='ltr'>lasted</span> <span class='ocrx_word' id='word_1_368' title='bbox 1152 3131 1240 3195; x_wconf 85' lang='lat' dir='ltr'>longer</span> <span class='ocrx_word' id='word_1_369' title='bbox 1264 3132 1325 3180; x_wconf 88' lang='lat' dir='ltr'>than</span> <span class='ocrx_word' id='word_1_370' title='bbox 1352 3131 1407 3179; x_wconf 86' lang='lat' dir='ltr'>that</span> <span class='ocrx_word' id='word_1_371' title='bbox 1430 3129 1461 3179; x_wconf 83' lang='lat' dir='ltr'>ol</span> 
     </span>
    </p>

    <p class='ocr_par' dir='ltr' id='par_1_6' title="bbox 253 3193 1460 3907">
     <span class='ocr_line' id='line_1_34' title="bbox 287 3193 1456 3260; baseline 0.003 -19"><span class='ocrx_word' id='word_1_372' title='bbox 287 3194 409 3241; x_wconf 81' lang='lat' dir='ltr'>Graecos</span> <span class='ocrx_word' id='word_1_373' title='bbox 426 3195 528 3244; x_wconf 84' lang='lat' dir='ltr'>libros:</span> <span class='ocrx_word' id='word_1_374' title='bbox 546 3193 731 3258; x_wconf 80' lang='lat' dir='ltr'>unfortunately</span> <span class='ocrx_word' id='word_1_375' title='bbox 753 3194 831 3256; x_wconf 90' lang='lat' dir='ltr'>Quin·</span> <span class='ocrx_word' id='word_1_376' title='bbox 880 3194 972 3244; x_wconf 92' lang='lat' dir='ltr'>almost</span> <span class='ocrx_word' id='word_1_377' title='bbox 983 3212 1031 3259; x_wconf 91' lang='lat' dir='ltr'>any</span> <span class='ocrx_word' id='word_1_378' title='bbox 1042 3196 1114 3246; x_wconf 93' lang='lat' dir='ltr'>other</span> <span class='ocrx_word' id='word_1_379' title='bbox 1125 3196 1208 3246; x_wconf 89' lang='lat' dir='ltr'>Greek</span> <span class='ocrx_word' id='word_1_380' title='bbox 1219 3197 1380 3260; x_wconf 90' lang='lat' dir='ltr'>community.</span> <span class='ocrx_word' id='word_1_381' title='bbox 1407 3196 1456 3258; x_wconf 90' lang='lat' dir='ltr'>Cp.</span> 
     </span>
     <span class='ocr_line' id='line_1_35' title="bbox 253 3256 930 3321; baseline 0.009 -17"><span class='ocrx_word' id='word_1_382' title='bbox 253 3256 327 3305; x_wconf 88' lang='lat' dir='ltr'>tilian</span> <span class='ocrx_word' id='word_1_383' title='bbox 347 3257 375 3317; x_wconf 73' lang='lat' dir='ltr'>tl.</span> <span class='ocrx_word' id='word_1_384' title='bbox 385 3259 418 3318; x_wconf 92' lang='lat' dir='ltr'>c.)</span> <span class='ocrx_word' id='word_1_385' title='bbox 431 3258 492 3306; x_wconf 89' lang='lat' dir='ltr'>does</span> <span class='ocrx_word' id='word_1_386' title='bbox 508 3267 553 3307; x_wconf 89' lang='lat' dir='ltr'>not</span> <span class='ocrx_word' id='word_1_387' title='bbox 570 3261 681 3309; x_wconf 89' lang='lat' dir='ltr'>mention</span> <span class='ocrx_word' id='word_1_388' title='bbox 693 3260 736 3309; x_wconf 92' lang='lat' dir='ltr'>the</span> <span class='ocrx_word' id='word_1_389' title='bbox 748 3258 832 3309; x_wconf 89' lang='lat' dir='ltr'>Greek</span> <span class='ocrx_word' id='word_1_390' title='bbox 882 3265 894 3320; x_wconf 69' lang='grc' dir='ltr'><strong>ς</strong></span> <span class='ocrx_word' id='word_1_391' title='bbox 907 3272 930 3321; x_wconf 81' lang='lat'>3.</span> 
     </span>
     <span class='ocr_line' id='line_1_36' title="bbox 254 3322 1439 3388; baseline 0.003 -18"><span class='ocrx_word' id='word_1_392' title='bbox 254 3323 350 3370; x_wconf 89' lang='lat' dir='ltr'>writers</span> <span class='ocrx_word' id='word_1_393' title='bbox 367 3336 399 3369; x_wconf 93' lang='lat' dir='ltr'>on</span> <span class='ocrx_word' id='word_1_394' title='bbox 418 3322 460 3371; x_wconf 89' lang='lat' dir='ltr'>the</span> <span class='ocrx_word' id='word_1_395' title='bbox 477 3324 584 3377; x_wconf 88' lang='lat' dir='ltr'>subiect:</span> <span class='ocrx_word' id='word_1_396' title='bbox 604 3324 728 3388; x_wconf 88' lang='lat' dir='ltr'>probably</span> <span class='ocrx_word' id='word_1_397' title='bbox 743 3326 764 3373; x_wconf 93' lang='lat' dir='ltr'>it</span> <span class='ocrx_word' id='word_1_398' title='bbox 781 3340 833 3373; x_wconf 87' lang='lat' dir='ltr'>was</span> <span class='ocrx_word' id='word_1_399' title='bbox 915 3335 937 3387; x_wconf 82' lang='lat'>7.</span> <span class='ocrx_word' id='word_1_400' title='bbox 954 3329 1135 3386; x_wconf 82' lang='lat' dir='ltr'>exstiterunt,</span> <span class='ocrx_word' id='word_1_401' title='bbox 1149 3328 1264 3378; x_wconf 86' lang='lat' dir='ltr'>‘showed</span> <span class='ocrx_word' id='word_1_402' title='bbox 1275 3323 1439 3377; x_wconf 66' lang='lat' dir='ltr'>themselves)</span> 
     </span>
     <span class='ocr_line' id='line_1_37' title="bbox 256 3386 1458 3456; baseline 0.002 -21"><span class='ocrx_word' id='word_1_403' title='bbox 256 3386 500 3436; x_wconf 88' lang='lat' dir='ltr'>discussedinsome</span> <span class='ocrx_word' id='word_1_404' title='bbox 512 3388 542 3437; x_wconf 84' lang='lat' dir='ltr'>of</span> <span class='ocrx_word' id='word_1_405' title='bbox 549 3389 591 3436; x_wconf 92' lang='lat' dir='ltr'>the</span> <span class='ocrx_word' id='word_1_406' title='bbox 602 3389 689 3453; x_wconf 77' lang='grc' dir='ltr'>τέχναι</span> <span class='ocrx_word' id='word_1_407' title='bbox 699 3406 733 3438; x_wconf 94' lang='lat' dir='ltr'>no</span> <span class='ocrx_word' id='word_1_408' title='bbox 745 3390 833 3454; x_wconf 87' lang='lat' dir='ltr'>longer</span> <span class='ocrx_word' id='word_1_409' title='bbox 919 3403 954 3438; x_wconf 82' lang='lat'>12.</span> <span class='ocrx_word' id='word_1_410' title='bbox 972 3396 1125 3449; x_wconf 81' lang='lat' dir='ltr'>cavillatio,</span> <span class='ocrx_word' id='word_1_411' title='bbox 1138 3392 1268 3456; x_wconf 84' lang='lat' dir='ltr'>‘raillery.’</span> <span class='ocrx_word' id='word_1_412' title='bbox 1303 3395 1384 3442; x_wconf 86' lang='lat' dir='ltr'>Plaut.</span> <span class='ocrx_word' id='word_1_413' title='bbox 1397 3391 1458 3439; x_wconf 85' lang='lat' dir='ltr'>Aul.</span> 
     </span>
     <span class='ocr_line' id='line_1_38' title="bbox 255 3451 1457 3522; baseline 0.002 -21"><span class='ocrx_word' id='word_1_414' title='bbox 255 3457 349 3502; x_wconf 87' lang='lat' dir='ltr'>extant.</span> <span class='ocrx_word' id='word_1_415' title='bbox 383 3451 513 3513; x_wconf 87' lang='lat' dir='ltr'>Aristotle,</span> <span class='ocrx_word' id='word_1_416' title='bbox 525 3454 598 3504; x_wconf 90' lang='lat' dir='ltr'>Rhet.</span> <span class='ocrx_word' id='word_1_417' title='bbox 613 3455 650 3504; x_wconf 90' lang='lat' dir='ltr'>iii.</span> <span class='ocrx_word' id='word_1_418' title='bbox 665 3456 701 3512; x_wconf 85' lang='lat'>18,</span> <span class='ocrx_word' id='word_1_419' title='bbox 713 3462 801 3519; x_wconf 90' lang='lat' dir='ltr'>quotes</span> <span class='ocrx_word' id='word_1_420' title='bbox 816 3472 832 3504; x_wconf 89' lang='lat' dir='ltr'>a</span> <span class='ocrx_word' id='word_1_421' title='bbox 881 3453 939 3517; x_wconf 81' lang='lat'>630,</span> <span class='ocrx_word' id='word_1_422' title='bbox 955 3456 1001 3505; x_wconf 88' lang='lat' dir='ltr'>has</span> <span class='ocrx_word' id='word_1_423' title='bbox 1013 3465 1092 3522; x_wconf 78' lang='lat' dir='ltr'>‘pone</span> <span class='ocrx_word' id='word_1_424' title='bbox 1108 3459 1157 3507; x_wconf 91' lang='lat' dir='ltr'>hoc</span> <span class='ocrx_word' id='word_1_425' title='bbox 1174 3459 1221 3508; x_wconf 88' lang='lat' dir='ltr'>sis:</span> <span class='ocrx_word' id='word_1_426' title='bbox 1237 3458 1306 3508; x_wconf 82' lang='lat' dir='ltr'>aufer</span> <span class='ocrx_word' id='word_1_427' title='bbox 1326 3457 1457 3507; x_wconf 87' lang='lat' dir='ltr'>cavillam:</span> 
     </span>
     <span class='ocr_line' id='line_1_39' title="bbox 255 3517 1458 3588; baseline 0.002 -22"><span class='ocrx_word' id='word_1_428' title='bbox 255 3517 343 3582; x_wconf 88' lang='lat' dir='ltr'>saying</span> <span class='ocrx_word' id='word_1_429' title='bbox 362 3517 427 3566; x_wconf 77' lang='lat' dir='ltr'>from</span> <span class='ocrx_word' id='word_1_430' title='bbox 447 3519 489 3568; x_wconf 91' lang='lat' dir='ltr'>the</span> <span class='ocrx_word' id='word_1_431' title='bbox 509 3518 586 3582; x_wconf 73' lang='grc' dir='ltr'>τέχνη</span> <span class='ocrx_word' id='word_1_432' title='bbox 607 3520 636 3570; x_wconf 87' lang='lat' dir='ltr'>of</span> <span class='ocrx_word' id='word_1_433' title='bbox 650 3520 766 3584; x_wconf 87' lang='lat' dir='ltr'>Gorgias,</span> <span class='ocrx_word' id='word_1_434' title='bbox 786 3522 833 3571; x_wconf 93' lang='lat' dir='ltr'>but</span> <span class='ocrx_word' id='word_1_435' title='bbox 881 3536 931 3570; x_wconf 90' lang='lat' dir='ltr'>non</span> <span class='ocrx_word' id='word_1_436' title='bbox 943 3538 991 3586; x_wconf 87' lang='lat' dir='ltr'>ego</span> <span class='ocrx_word' id='word_1_437' title='bbox 1007 3539 1072 3572; x_wconf 90' lang='lat' dir='ltr'>nnnc</span> <span class='ocrx_word' id='word_1_438' title='bbox 1082 3539 1163 3586; x_wconf 88' lang='lat' dir='ltr'>nugas</span> <span class='ocrx_word' id='word_1_439' title='bbox 1174 3523 1238 3588; x_wconf 83' lang='lat' dir='ltr'>ago&#39;</span> <span class='ocrx_word' id='word_1_440' title='bbox 1271 3524 1326 3572; x_wconf 92' lang='lat' dir='ltr'>The</span> <span class='ocrx_word' id='word_1_441' title='bbox 1338 3524 1418 3586; x_wconf 90' lang='lat' dir='ltr'>origin</span> <span class='ocrx_word' id='word_1_442' title='bbox 1431 3522 1458 3570; x_wconf 85' lang='lat' dir='ltr'>oi</span> 
     </span>
     <span class='ocr_line' id='line_1_40' title="bbox 255 3583 1457 3653; baseline 0.003 -21"><span class='ocrx_word' id='word_1_443' title='bbox 255 3583 331 3633; x_wconf 84' lang='lat' dir='ltr'>refers</span> <span class='ocrx_word' id='word_1_444' title='bbox 343 3583 430 3632; x_wconf 85' lang='lat' dir='ltr'>sorbis</span> <span class='ocrx_word' id='word_1_445' title='bbox 442 3600 498 3633; x_wconf 88' lang='lat' dir='ltr'>own</span> <span class='ocrx_word' id='word_1_446' title='bbox 513 3585 650 3635; x_wconf 88' lang='lat' dir='ltr'>discussion</span> <span class='ocrx_word' id='word_1_447' title='bbox 663 3586 691 3635; x_wconf 88' lang='lat' dir='ltr'>of</span> <span class='ocrx_word' id='word_1_448' title='bbox 703 3587 746 3636; x_wconf 91' lang='lat' dir='ltr'>the</span> <span class='ocrx_word' id='word_1_449' title='bbox 762 3602 833 3650; x_wconf 89' lang='lat' dir='ltr'>ques·</span> <span class='ocrx_word' id='word_1_450' title='bbox 882 3587 968 3636; x_wconf 81' lang='lat' dir='ltr'>cavilla</span> <span class='ocrx_word' id='word_1_451' title='bbox 990 3589 1011 3637; x_wconf 90' lang='lat' dir='ltr'>is</span> <span class='ocrx_word' id='word_1_452' title='bbox 1034 3595 1079 3637; x_wconf 92' lang='lat' dir='ltr'>not</span> <span class='ocrx_word' id='word_1_453' title='bbox 1099 3590 1168 3653; x_wconf 91' lang='lat' dir='ltr'>quite</span> <span class='ocrx_word' id='word_1_454' title='bbox 1191 3590 1292 3649; x_wconf 85' lang='lat' dir='ltr'>certain,</span> <span class='ocrx_word' id='word_1_455' title='bbox 1308 3590 1355 3638; x_wconf 92' lang='lat' dir='ltr'>but</span> <span class='ocrx_word' id='word_1_456' title='bbox 1373 3590 1393 3637; x_wconf 92' lang='lat' dir='ltr'>it</span> <span class='ocrx_word' id='word_1_457' title='bbox 1410 3603 1457 3636; x_wconf 91' lang='lat' dir='ltr'>can</span> 
     </span>
     <span class='ocr_line' id='line_1_41' title="bbox 255 3649 1458 3717; baseline 0 -19"><span class='ocrx_word' id='word_1_458' title='bbox 255 3650 308 3699; x_wconf 93' lang='lat' dir='ltr'>tion</span> <span class='ocrx_word' id='word_1_459' title='bbox 325 3656 351 3698; x_wconf 93' lang='lat' dir='ltr'>to</span> <span class='ocrx_word' id='word_1_460' title='bbox 369 3649 408 3698; x_wconf 89' lang='lat' dir='ltr'>his</span> <span class='ocrx_word' id='word_1_461' title='bbox 426 3650 531 3706; x_wconf 76' lang='lat' dir='ltr'>Poetioe,</span> <span class='ocrx_word' id='word_1_462' title='bbox 549 3651 574 3700; x_wconf 91' lang='lat' dir='ltr'>in</span> <span class='ocrx_word' id='word_1_463' title='bbox 591 3652 672 3700; x_wconf 91' lang='lat' dir='ltr'>which</span> <span class='ocrx_word' id='word_1_464' title='bbox 689 3653 796 3717; x_wconf 86' lang='lat' dir='ltr'>nothing</span> <span class='ocrx_word' id='word_1_465' title='bbox 811 3653 833 3700; x_wconf 90' lang='lat' dir='ltr'>is</span> <span class='ocrx_word' id='word_1_466' title='bbox 882 3651 971 3716; x_wconf 80' lang='lat' dir='ltr'>hardly</span> <span class='ocrx_word' id='word_1_467' title='bbox 979 3653 1011 3702; x_wconf 93' lang='lat' dir='ltr'>be</span> <span class='ocrx_word' id='word_1_468' title='bbox 1021 3655 1157 3704; x_wconf 88' lang='lat' dir='ltr'>connected</span> <span class='ocrx_word' id='word_1_469' title='bbox 1165 3656 1227 3704; x_wconf 93' lang='lat' dir='ltr'>with</span> <span class='ocrx_word' id='word_1_470' title='bbox 1238 3657 1323 3710; x_wconf 80' lang='lat' dir='ltr'>calvus,</span> <span class='ocrx_word' id='word_1_471' title='bbox 1331 3655 1458 3707; x_wconf 80' lang='lat' dir='ltr'>calumnia,</span> 
     </span>
     <span class='ocr_line' id='line_1_42' title="bbox 255 3714 1460 3784; baseline 0.005 -22"><span class='ocrx_word' id='word_1_472' title='bbox 255 3731 312 3764; x_wconf 91' lang='lat' dir='ltr'>now</span> <span class='ocrx_word' id='word_1_473' title='bbox 324 3714 401 3764; x_wconf 83' lang='lat' dir='ltr'>found</span> <span class='ocrx_word' id='word_1_474' title='bbox 413 3717 485 3766; x_wconf 93' lang='lat' dir='ltr'>buta</span> <span class='ocrx_word' id='word_1_475' title='bbox 500 3716 628 3766; x_wconf 90' lang='lat' dir='ltr'>definition</span> <span class='ocrx_word' id='word_1_476' title='bbox 644 3718 673 3767; x_wconf 86' lang='lat' dir='ltr'>of</span> <span class='ocrx_word' id='word_1_477' title='bbox 681 3717 711 3767; x_wconf 82' lang='grc' dir='ltr'>τὸ</span> <span class='ocrx_word' id='word_1_478' title='bbox 723 3720 833 3780; x_wconf 77' lang='grc' dir='ltr'>γελοῖον.</span> <span class='ocrx_word' id='word_1_479' title='bbox 882 3725 936 3773; x_wconf 83' lang='lat' dir='ltr'>etc..</span> <span class='ocrx_word' id='word_1_480' title='bbox 960 3734 987 3766; x_wconf 90' lang='lat' dir='ltr'>as</span> <span class='ocrx_word' id='word_1_481' title='bbox 1009 3734 1078 3768; x_wconf 91' lang='lat' dir='ltr'>some</span> <span class='ocrx_word' id='word_1_482' title='bbox 1100 3737 1151 3784; x_wconf 89' lang='lat' dir='ltr'>say.</span> <span class='ocrx_word' id='word_1_483' title='bbox 1186 3721 1233 3784; x_wconf 88' lang='lat' dir='ltr'>Cp.</span> <span class='ocrx_word' id='word_1_484' title='bbox 1251 3719 1370 3774; x_wconf 70' lang='lat' dir='ltr'>Vanidek.</span> <span class='ocrx_word' id='word_1_485' title='bbox 1388 3719 1460 3768; x_wconf 87' lang='lat' dir='ltr'>Wtb.</span> 
     </span>
     <span class='ocr_line' id='line_1_43' title="bbox 255 3779 1459 3850; baseline 0.004 -23"><span class='ocrx_word' id='word_1_486' title='bbox 255 3779 442 3842; x_wconf 65' lang='lat' dir='ltr'>fficophrastns</span> <span class='ocrx_word' id='word_1_487' title='bbox 454 3783 475 3830; x_wconf 91' lang='lat' dir='ltr'>is</span> <span class='ocrx_word' id='word_1_488' title='bbox 491 3782 544 3831; x_wconf 89' lang='lat' dir='ltr'>also</span> <span class='ocrx_word' id='word_1_489' title='bbox 556 3783 610 3832; x_wconf 89' lang='lat' dir='ltr'>said</span> <span class='ocrx_word' id='word_1_490' title='bbox 622 3792 649 3833; x_wconf 94' lang='lat' dir='ltr'>to</span> <span class='ocrx_word' id='word_1_491' title='bbox 664 3785 727 3835; x_wconf 89' lang='lat' dir='ltr'>have</span> <span class='ocrx_word' id='word_1_492' title='bbox 739 3783 834 3834; x_wconf 88' lang='lat' dir='ltr'>treated</span> <span class='ocrx_word' id='word_1_493' title='bbox 882 3799 907 3848; x_wconf 87' lang='lat' dir='ltr'>p.</span> <span class='ocrx_word' id='word_1_494' title='bbox 923 3787 999 3832; x_wconf 84' lang='lat'>1118:</span> <span class='ocrx_word' id='word_1_495' title='bbox 1026 3785 1075 3834; x_wconf 83' lang='lat' dir='ltr'>and</span> <span class='ocrx_word' id='word_1_496' title='bbox 1093 3786 1159 3835; x_wconf 91' lang='lat' dir='ltr'>Fest.</span> <span class='ocrx_word' id='word_1_497' title='bbox 1177 3802 1201 3850; x_wconf 95' lang='lat' dir='ltr'>p.</span> <span class='ocrx_word' id='word_1_498' title='bbox 1220 3799 1250 3849; x_wconf 86' lang='lat'>45</span> <span class='ocrx_word' id='word_1_499' title='bbox 1270 3787 1306 3833; x_wconf 89' lang='lat' dir='ltr'>M.</span> <span class='ocrx_word' id='word_1_500' title='bbox 1321 3783 1459 3834; x_wconf 88' lang='lat' dir='ltr'>‘cavillatio</span> 
     </span>
     <span class='ocr_line' id='line_1_44' title="bbox 257 3845 1459 3907; baseline 0.004 -15"><span class='ocrx_word' id='word_1_501' title='bbox 257 3845 300 3893; x_wconf 91' lang='lat' dir='ltr'>the</span> <span class='ocrx_word' id='word_1_502' title='bbox 311 3845 414 3907; x_wconf 85' lang='lat' dir='ltr'>subject.</span> <span class='ocrx_word' id='word_1_503' title='bbox 882 3855 919 3899; x_wconf 91' lang='lat' dir='ltr'>est</span> <span class='ocrx_word' id='word_1_504' title='bbox 935 3850 1020 3898; x_wconf 87' lang='lat' dir='ltr'>iocosa</span> <span class='ocrx_word' id='word_1_505' title='bbox 1037 3849 1215 3899; x_wconf 87' lang='lat' dir='ltr'>calumniatio.‘</span> <span class='ocrx_word' id='word_1_506' title='bbox 1250 3852 1280 3900; x_wconf 93' lang='lat' dir='ltr'>In</span> <span class='ocrx_word' id='word_1_507' title='bbox 1297 3851 1360 3899; x_wconf 84' lang='lat' dir='ltr'>later</span> <span class='ocrx_word' id='word_1_508' title='bbox 1376 3850 1459 3904; x_wconf 87' lang='lat' dir='ltr'>Latin,</span> 
     </span>
    </p>

    <p class='ocr_par' dir='ltr' id='par_1_7' title="bbox 290 3911 1459 3980">
     <span class='ocr_line' id='line_1_45' title="bbox 290 3911 1459 3980; baseline 0.005 -24"><span class='ocrx_word' id='word_1_509' title='bbox 290 3924 312 3972; x_wconf 82' lang='lat'>3.</span> <span class='ocrx_word' id='word_1_510' title='bbox 331 3912 367 3959; x_wconf 85' lang='lat' dir='ltr'>da</span> <span class='ocrx_word' id='word_1_511' title='bbox 377 3911 593 3973; x_wconf 78' lang='lat' dir='ltr'>ridiculis=repl</span> <span class='ocrx_word' id='word_1_512' title='bbox 603 3913 713 3975; x_wconf 75' lang='grc' dir='ltr'>γελοίων.</span> <span class='ocrx_word' id='word_1_513' title='bbox 882 3915 1016 3980; x_wconf 88' lang='lat' dir='ltr'>especially</span> <span class='ocrx_word' id='word_1_514' title='bbox 1033 3917 1059 3964; x_wconf 92' lang='lat' dir='ltr'>in</span> <span class='ocrx_word' id='word_1_515' title='bbox 1076 3916 1223 3979; x_wconf 90' lang='lat' dir='ltr'>Quintilian,</span> <span class='ocrx_word' id='word_1_516' title='bbox 1241 3917 1262 3965; x_wconf 91' lang='lat' dir='ltr'>it</span> <span class='ocrx_word' id='word_1_517' title='bbox 1285 3917 1396 3980; x_wconf 89' lang='lat' dir='ltr'>acquires</span> <span class='ocrx_word' id='word_1_518' title='bbox 1417 3915 1459 3963; x_wconf 93' lang='lat' dir='ltr'>the</span> 
     </span>
    </p>

    <p class='ocr_par' dir='ltr' id='par_1_8' title="bbox 255 3974 1463 4503">
     <span class='ocr_line' id='line_1_46' title="bbox 289 3974 1460 4046; baseline 0.004 -23"><span class='ocrx_word' id='word_1_519' title='bbox 289 3991 313 4038; x_wconf 89' lang='lat'>4.</span> <span class='ocrx_word' id='word_1_520' title='bbox 343 3979 430 4025; x_wconf 74' lang='lat' dir='ltr'>scala:</span> <span class='ocrx_word' id='word_1_521' title='bbox 459 3974 503 4023; x_wconf 86' lang='lat' dir='ltr'>Or.</span> <span class='ocrx_word' id='word_1_522' title='bbox 529 3977 567 4025; x_wconf 81' lang='lat'>26.</span> <span class='ocrx_word' id='word_1_523' title='bbox 591 3991 623 4040; x_wconf 88' lang='lat'>90</span> <span class='ocrx_word' id='word_1_524' title='bbox 646 3978 780 4043; x_wconf 80' lang='lat' dir='ltr'>‘quidquid</span> <span class='ocrx_word' id='word_1_525' title='bbox 807 3985 833 4028; x_wconf 90' lang='lat' dir='ltr'>et</span> <span class='ocrx_word' id='word_1_526' title='bbox 882 3981 997 4044; x_wconf 86' lang='lat' dir='ltr'>meaning</span> <span class='ocrx_word' id='word_1_527' title='bbox 1006 3980 1383 4046; x_wconf 84' lang='lat' dir='ltr'>of‘sophistry&#39;or‘pedantry.’</span> <span class='ocrx_word' id='word_1_528' title='bbox 1409 3981 1460 4044; x_wconf 93' lang='lat' dir='ltr'>Cp.</span> 
     </span>
     <span class='ocr_line' id='line_1_47' title="bbox 257 4040 1458 4108; baseline 0.005 -20"><span class='ocrx_word' id='word_1_529' title='bbox 257 4040 384 4090; x_wconf 85' lang='lat' dir='ltr'>salsum..</span> <span class='ocrx_word' id='word_1_530' title='bbox 398 4077 403 4088; x_wconf 94' lang='lat'>.</span> <span class='ocrx_word' id='word_1_531' title='bbox 415 4042 441 4088; x_wconf 89' lang='lat' dir='ltr'>in</span> <span class='ocrx_word' id='word_1_532' title='bbox 457 4040 576 4088; x_wconf 89' lang='lat' dir='ltr'>oratione.</span> <span class='ocrx_word' id='word_1_533' title='bbox 589 4041 615 4089; x_wconf 92' lang='lat' dir='ltr'>id</span> <span class='ocrx_word' id='word_1_534' title='bbox 630 4043 755 4106; x_wconf 89' lang='lat' dir='ltr'>proprium</span> <span class='ocrx_word' id='word_1_535' title='bbox 767 4044 833 4092; x_wconf 85' lang='lat' dir='ltr'>Atti·</span> <span class='ocrx_word' id='word_1_536' title='bbox 883 4045 995 4101; x_wconf 91' lang='lat' dir='ltr'>Bonnell,</span> <span class='ocrx_word' id='word_1_537' title='bbox 1008 4047 1067 4096; x_wconf 89' lang='lat' dir='ltr'>Lex.</span> <span class='ocrx_word' id='word_1_538' title='bbox 1080 4063 1126 4095; x_wconf 93' lang='lat' dir='ltr'>s.v.</span> <span class='ocrx_word' id='word_1_539' title='bbox 1145 4048 1194 4096; x_wconf 89' lang='lat' dir='ltr'>and</span> <span class='ocrx_word' id='word_1_540' title='bbox 1207 4047 1273 4108; x_wconf 78' lang='lat' dir='ltr'>Ern,</span> <span class='ocrx_word' id='word_1_541' title='bbox 1286 4048 1346 4096; x_wconf 89' lang='lat' dir='ltr'>Lex.</span> <span class='ocrx_word' id='word_1_542' title='bbox 1363 4046 1458 4096; x_wconf 88' lang='lat' dir='ltr'>Techn.</span> 
     </span>
     <span class='ocr_line' id='line_1_48' title="bbox 256 4105 1117 4168; baseline 0.008 -14"><span class='ocrx_word' id='word_1_543' title='bbox 256 4121 343 4154; x_wconf 89' lang='lat' dir='ltr'>corum</span> <span class='ocrx_word' id='word_1_544' title='bbox 361 4111 405 4159; x_wconf 91' lang='lat' dir='ltr'>est,</span> <span class='ocrx_word' id='word_1_545' title='bbox 429 4121 442 4153; x_wconf 93' lang='lat' dir='ltr'>e</span> <span class='ocrx_word' id='word_1_546' title='bbox 463 4105 553 4168; x_wconf 91' lang='lat' dir='ltr'>quibus</span> <span class='ocrx_word' id='word_1_547' title='bbox 576 4112 658 4154; x_wconf 88' lang='lat' dir='ltr'>tamen</span> <span class='ocrx_word' id='word_1_548' title='bbox 678 4123 727 4156; x_wconf 93' lang='lat' dir='ltr'>non</span> <span class='ocrx_word' id='word_1_549' title='bbox 747 4125 833 4158; x_wconf 92' lang='lat' dir='ltr'>omnes</span> <span class='ocrx_word' id='word_1_550' title='bbox 882 4125 927 4161; x_wconf 82' lang='lat' dir='ltr'>su.</span> <span class='ocrx_word' id='word_1_551' title='bbox 941 4109 1117 4161; x_wconf 79' lang='lat' dir='ltr'>‘calumniari‘</span> 
     </span>
     <span class='ocr_line' id='line_1_49' title="bbox 255 4168 1460 4239; baseline 0.005 -21"><span class='ocrx_word' id='word_1_552' title='bbox 255 4168 349 4218; x_wconf 67' lang='lat' dir='ltr'>faceti!</span> <span class='ocrx_word' id='word_1_553' title='bbox 383 4169 488 4232; x_wconf 90' lang='lat' dir='ltr'>Quintil.</span> <span class='ocrx_word' id='word_1_554' title='bbox 501 4169 533 4219; x_wconf 89' lang='lat' dir='ltr'>vi.</span> <span class='ocrx_word' id='word_1_555' title='bbox 546 4183 570 4231; x_wconf 82' lang='lat'>3.</span> <span class='ocrx_word' id='word_1_556' title='bbox 586 4185 616 4236; x_wconf 87' lang='lat'>19</span> <span class='ocrx_word' id='word_1_557' title='bbox 634 4172 741 4221; x_wconf 78' lang='lat' dir='ltr'>‘salsum</span> <span class='ocrx_word' id='word_1_558' title='bbox 757 4174 834 4237; x_wconf 87' lang='lat' dir='ltr'>igitur</span> <span class='ocrx_word' id='word_1_559' title='bbox 919 4191 957 4239; x_wconf 80' lang='lat'>13.</span> <span class='ocrx_word' id='word_1_560' title='bbox 974 4182 1087 4238; x_wconf 80' lang='lat' dir='ltr'>quippe,</span> <span class='ocrx_word' id='word_1_561' title='bbox 1103 4177 1146 4226; x_wconf 88' lang='lat' dir='ltr'>‘cs</span> <span class='ocrx_word' id='word_1_562' title='bbox 1161 4177 1277 4228; x_wconf 89' lang='lat' dir='ltr'>course:&#39;</span> <span class='ocrx_word' id='word_1_563' title='bbox 1310 4177 1341 4226; x_wconf 93' lang='lat' dir='ltr'>de</span> <span class='ocrx_word' id='word_1_564' title='bbox 1358 4177 1412 4226; x_wconf 92' lang='lat' dir='ltr'>Fin.</span> <span class='ocrx_word' id='word_1_565' title='bbox 1426 4177 1460 4224; x_wconf 86' lang='lat' dir='ltr'>iv.</span> 
     </span>
     <span class='ocr_line' id='line_1_50' title="bbox 256 4235 1463 4308; baseline 0.005 -24"><span class='ocrx_word' id='word_1_566' title='bbox 256 4235 382 4298; x_wconf 88' lang='lat' dir='ltr'>en&#39;t,quod</span> <span class='ocrx_word' id='word_1_567' title='bbox 390 4251 439 4283; x_wconf 93' lang='lat' dir='ltr'>non</span> <span class='ocrx_word' id='word_1_568' title='bbox 448 4236 494 4284; x_wconf 88' lang='lat' dir='ltr'>erit</span> <span class='ocrx_word' id='word_1_569' title='bbox 501 4236 628 4293; x_wconf 87' lang='lat' dir='ltr'>insulsum,</span> <span class='ocrx_word' id='word_1_570' title='bbox 635 4237 833 4301; x_wconf 89' lang='lat' dir='ltr'>velutquoddam</span> <span class='ocrx_word' id='word_1_571' title='bbox 886 4256 909 4303; x_wconf 85' lang='lat'>3.</span> <span class='ocrx_word' id='word_1_572' title='bbox 928 4259 940 4303; x_wconf 84' lang='lat'>7</span> <span class='ocrx_word' id='word_1_573' title='bbox 961 4243 1022 4291; x_wconf 87' lang='lat' dir='ltr'>‘ista</span> <span class='ocrx_word' id='word_1_574' title='bbox 1040 4243 1100 4307; x_wconf 89' lang='lat' dir='ltr'>ipsa,</span> <span class='ocrx_word' id='word_1_575' title='bbox 1114 4259 1178 4308; x_wconf 92' lang='lat' dir='ltr'>quae</span> <span class='ocrx_word' id='word_1_576' title='bbox 1195 4251 1222 4292; x_wconf 93' lang='lat' dir='ltr'>tu</span> <span class='ocrx_word' id='word_1_577' title='bbox 1239 4244 1352 4300; x_wconf 88' lang='lat' dir='ltr'>breviter,</span> <span class='ocrx_word' id='word_1_578' title='bbox 1371 4257 1463 4306; x_wconf 82' lang='lat' dir='ltr'>regem,</span> 
     </span>
     <span class='ocr_line' id='line_1_51' title="bbox 256 4301 1461 4374; baseline 0.005 -24"><span class='ocrx_word' id='word_1_579' title='bbox 256 4302 361 4364; x_wconf 88' lang='lat' dir='ltr'>simplex</span> <span class='ocrx_word' id='word_1_580' title='bbox 373 4301 492 4350; x_wconf 88' lang='lat' dir='ltr'>orationis</span> <span class='ocrx_word' id='word_1_581' title='bbox 503 4302 689 4352; x_wconf 90' lang='lat' dir='ltr'>condimentum</span> <span class='ocrx_word' id='word_1_582' title='bbox 704 4303 772 4367; x_wconf 91' lang='lat' dir='ltr'>quod</span> <span class='ocrx_word' id='word_1_583' title='bbox 783 4319 834 4352; x_wconf 88' lang='lat' dir='ltr'>sen·</span> <span class='ocrx_word' id='word_1_584' title='bbox 885 4306 1041 4363; x_wconf 86' lang='lat' dir='ltr'>dictatorem,</span> <span class='ocrx_word' id='word_1_585' title='bbox 1050 4309 1153 4358; x_wconf 91' lang='lat' dir='ltr'>divitem</span> <span class='ocrx_word' id='word_1_586' title='bbox 1165 4309 1246 4358; x_wconf 90' lang='lat' dir='ltr'>solum</span> <span class='ocrx_word' id='word_1_587' title='bbox 1256 4325 1307 4358; x_wconf 89' lang='lat' dir='ltr'>esse</span> <span class='ocrx_word' id='word_1_588' title='bbox 1316 4309 1461 4374; x_wconf 85' lang='lat' dir='ltr'>sapientem,</span> 
     </span>
     <span class='ocr_line' id='line_1_52' title="bbox 257 4367 1462 4438; baseline 0.005 -22"><span class='ocrx_word' id='word_1_589' title='bbox 257 4367 318 4416; x_wconf 89' lang='lat' dir='ltr'>titur</span> <span class='ocrx_word' id='word_1_590' title='bbox 332 4367 425 4417; x_wconf 88' lang='lat' dir='ltr'>latente</span> <span class='ocrx_word' id='word_1_591' title='bbox 437 4367 531 4417; x_wconf 88' lang='lat' dir='ltr'>iudicio</span> <span class='ocrx_word' id='word_1_592' title='bbox 542 4367 582 4418; x_wconf 88' lang='lat' dir='ltr'>vel</span> <span class='ocrx_word' id='word_1_593' title='bbox 593 4369 687 4432; x_wconf 88' lang='lat' dir='ltr'>palato,</span> <span class='ocrx_word' id='word_1_594' title='bbox 696 4369 835 4433; x_wconf 88' lang='lat' dir='ltr'>excitatque</span> <span class='ocrx_word' id='word_1_595' title='bbox 885 4387 901 4421; x_wconf 86' lang='lat' dir='ltr'>a</span> <span class='ocrx_word' id='word_1_596' title='bbox 923 4379 948 4422; x_wconf 92' lang='lat' dir='ltr'>te</span> <span class='ocrx_word' id='word_1_597' title='bbox 967 4373 1067 4436; x_wconf 92' lang='lat' dir='ltr'>quidem</span> <span class='ocrx_word' id='word_1_598' title='bbox 1087 4382 1146 4437; x_wconf 88' lang='lat' dir='ltr'>apte</span> <span class='ocrx_word' id='word_1_599' title='bbox 1165 4390 1195 4425; x_wconf 87' lang='lat' dir='ltr'>ac</span> <span class='ocrx_word' id='word_1_600' title='bbox 1215 4375 1335 4424; x_wconf 85' lang='lat' dir='ltr'>rotunde:</span> <span class='ocrx_word' id='word_1_601' title='bbox 1360 4375 1462 4438; x_wconf 91' lang='lat' dir='ltr'>quippe,</span> 
     </span>
     <span class='ocr_line' id='line_1_53' title="bbox 257 4433 1463 4503; baseline 0.005 -21"><span class='ocrx_word' id='word_1_602' title='bbox 257 4441 283 4482; x_wconf 89' lang='lat' dir='ltr'>et</span> <span class='ocrx_word' id='word_1_603' title='bbox 295 4449 310 4482; x_wconf 91' lang='lat' dir='ltr'>a</span> <span class='ocrx_word' id='word_1_604' title='bbox 321 4433 405 4482; x_wconf 90' lang='lat' dir='ltr'>taedio</span> <span class='ocrx_word' id='word_1_605' title='bbox 417 4433 526 4482; x_wconf 81' lang='lat' dir='ltr'>defendit</span> <span class='ocrx_word' id='word_1_606' title='bbox 538 4433 692 4483; x_wconf 64' lang='lat' dir='ltr'>orationem?</span> <span class='ocrx_word' id='word_1_607' title='bbox 887 4438 966 4488; x_wconf 89' lang='lat' dir='ltr'>habes</span> <span class='ocrx_word' id='word_1_608' title='bbox 977 4438 1043 4487; x_wconf 90' lang='lat' dir='ltr'>enim</span> <span class='ocrx_word' id='word_1_609' title='bbox 1054 4455 1069 4488; x_wconf 92' lang='lat' dir='ltr'>a</span> <span class='ocrx_word' id='word_1_610' title='bbox 1081 4439 1238 4488; x_wconf 72' lang='lat' dir='ltr'>rhetoribus*</span> <span class='ocrx_word' id='word_1_611' title='bbox 1272 4440 1318 4503; x_wconf 91' lang='lat' dir='ltr'>Cp.</span> <span class='ocrx_word' id='word_1_612' title='bbox 1332 4440 1417 4488; x_wconf 88' lang='lat' dir='ltr'>Madv.</span> <span class='ocrx_word' id='word_1_613' title='bbox 1430 4455 1463 4488; x_wconf 91' lang='lat' dir='ltr'>ou</span> 
     </span>
    </p>

    <p class='ocr_par' dir='ltr' id='par_1_9' title="bbox 259 4499 1469 4642">
     <span class='ocr_line' id='line_1_54' title="bbox 292 4499 1462 4570; baseline 0.005 -24"><span class='ocrx_word' id='word_1_614' title='bbox 292 4510 314 4558; x_wconf 85' lang='lat'>5.</span> <span class='ocrx_word' id='word_1_615' title='bbox 336 4502 437 4547; x_wconf 71' lang='lat' dir='ltr'>simili:</span> <span class='ocrx_word' id='word_1_616' title='bbox 463 4499 488 4547; x_wconf 91' lang='lat' dir='ltr'>in</span> <span class='ocrx_word' id='word_1_617' title='bbox 506 4500 575 4550; x_wconf 90' lang='lat' dir='ltr'>Verr.</span> <span class='ocrx_word' id='word_1_618' title='bbox 594 4500 626 4550; x_wconf 91' lang='lat' dir='ltr'>iv.</span> <span class='ocrx_word' id='word_1_619' title='bbox 638 4513 678 4563; x_wconf 80' lang='lat'>43.</span> <span class='ocrx_word' id='word_1_620' title='bbox 698 4514 729 4564; x_wconf 84' lang='lat'>95</span> <span class='ocrx_word' id='word_1_621' title='bbox 752 4509 835 4551; x_wconf 80' lang='lat' dir='ltr'>‘num</span> <span class='ocrx_word' id='word_1_622' title='bbox 886 4503 917 4552; x_wconf 91' lang='lat' dir='ltr'>de</span> <span class='ocrx_word' id='word_1_623' title='bbox 937 4503 991 4552; x_wconf 90' lang='lat' dir='ltr'>Fin.</span> <span class='ocrx_word' id='word_1_624' title='bbox 1008 4519 1031 4552; x_wconf 88' lang='lat' dir='ltr'>v.</span> <span class='ocrx_word' id='word_1_625' title='bbox 1051 4506 1089 4552; x_wconf 78' lang='lat'>28.</span> <span class='ocrx_word' id='word_1_626' title='bbox 1107 4505 1145 4567; x_wconf 87' lang='lat'>84.</span> <span class='ocrx_word' id='word_1_627' title='bbox 1166 4505 1215 4555; x_wconf 83' lang='lat' dir='ltr'>and</span> <span class='ocrx_word' id='word_1_628' title='bbox 1234 4521 1279 4570; x_wconf 92' lang='lat' dir='ltr'>pro</span> <span class='ocrx_word' id='word_1_629' title='bbox 1298 4505 1362 4555; x_wconf 92' lang='lat' dir='ltr'>Mur.</span> <span class='ocrx_word' id='word_1_630' title='bbox 1378 4505 1462 4564; x_wconf 64' lang='lat' dir='ltr'>,toda</span> 
     </span>
     <span class='ocr_line' id='line_1_55' title="bbox 259 4564 1469 4642; baseline 0.009 -32"><span class='ocrx_word' id='word_1_631' title='bbox 259 4577 333 4625; x_wconf 85' lang='lat' dir='ltr'>quarn</span> <span class='ocrx_word' id='word_1_632' title='bbox 351 4570 404 4612; x_wconf 88' lang='lat' dir='ltr'>tam</span> <span class='ocrx_word' id='word_1_633' title='bbox 421 4564 487 4612; x_wconf 90' lang='lat' dir='ltr'>male</span> <span class='ocrx_word' id='word_1_634' title='bbox 503 4572 541 4614; x_wconf 90' lang='lat' dir='ltr'>est</span> <span class='ocrx_word' id='word_1_635' title='bbox 555 4565 652 4629; x_wconf 83' lang='lat' dir='ltr'>Siculis,</span> <span class='ocrx_word' id='word_1_636' title='bbox 665 4567 723 4630; x_wconf 89' lang='lat' dir='ltr'>quin</span> <span class='ocrx_word' id='word_1_637' title='bbox 740 4566 834 4632; x_wconf 89' lang='lat' dir='ltr'>aliquid</span> <span class='ocrx_word' id='word_1_638' title='bbox 886 4568 959 4631; x_wconf 91' lang='lat' dir='ltr'>(with</span> <span class='ocrx_word' id='word_1_639' title='bbox 977 4567 1121 4618; x_wconf 84' lang='lat' dir='ltr'>Heitland&#39;s</span> <span class='ocrx_word' id='word_1_640' title='bbox 1138 4571 1206 4636; x_wconf 87' lang='lat' dir='ltr'>App.</span> <span class='ocrx_word' id='word_1_641' title='bbox 1225 4571 1266 4636; x_wconf 90' lang='lat' dir='ltr'>C.)</span> <span class='ocrx_word' id='word_1_642' title='bbox 1275 4587 1283 4633; x_wconf 75' lang='lat'>5</span> <span class='ocrx_word' id='word_1_643' title='bbox 1302 4585 1341 4635; x_wconf 79' lang='lat'>35.</span> <span class='ocrx_word' id='word_1_644' title='bbox 1361 4581 1398 4637; x_wconf 82' lang='lat'>74,</span> <span class='ocrx_word' id='word_1_645' title='bbox 1415 4578 1469 4642; x_wconf 66' lang='lat' dir='ltr'>etcL</span> 
     </span>
    </p>
   </div>
   <div class='ocr_carea' id='block_1_5' title="bbox 0 0 1663 5036">
    <p class='ocr_par' dir='ltr' id='par_1_10' title="bbox 0 0 1663 5036">
     <span class='ocr_line' id='line_1_56' title="bbox 0 0 1663 5036; baseline 0 0"><span class='ocrx_word' id='word_1_646' title='bbox 0 0 1663 5036; x_wconf 95' lang='lat' dir='ltr'> </span> 
     </span>
    </p>
   </div>
  </div>
 </body>
</html>
