3310 5040
268 438 329 505 208
583 439 636 504 M.
673 437 847 506 TULLII
876 439 1141 506 CICERONIS

267 641 379 696 autem
391 651 449 714 per
464 652 523 695 nos
535 632 703 714 percipere
717 631 858 696 voluisti.
897 631 965 696 Sed
981 651 1048 713 quo
1063 629 1158 694 citius
1172 629 1244 709 hoc,
1256 629 1346 712 quod
1358 649 1466 695 susce·

202 766 207 775 ·
236 726 243 749 '
266 738 384 818 pimus,
407 757 473 798 non
500 737 665 799 mediocre
688 756 806 798 munus
828 735 988 800 conficere
1013 736 1185 817 possimus,
1207 736 1329 798 omissa
1354 745 1466 800 nostra

124 849 196 934 Ast
263 839 497 948 ²adhortatione
519 841 562 904 ad
588 859 710 918 eorum,
732 859 815 922 quos
839 841 1079 925 proposuimus,
1105 859 1290 902 sermonem
1317 840 1466 922 disputa-

62 939 93 972 *
137 938 148 1018 f,
170 919 459 1026 ¹*‘¹''¹tionemque
480 945 660 1009 veniamus.
857 952 917 1005 ..¹
948 997 952 1002 .
981 977 985 984 ·
1015 956 1024 987 ν
1061 978 1092 998 ..

209 1131 213 1146 ¹
239 1061 253 1110 5
311 1047 448 1111 Postero
471 1048 571 1129 igitur
592 1049 654 1126 die,
671 1067 778 1154 Ἐπὶ
805 1046 862 1110 illa
885 1053 979 1110 erant
1001 1054 1085 1124 acta,
1108 1045 1190 1109 hora
1215 1045 1284 1110 fere
1310 1047 1465 1121 secunda,
1479 1057 1513 1102 12

204 1219 208 1226 ,
266 1169 342 1214 cum
364 1153 466 1215 etiam
488 1161 561 1215 tum
584 1151 617 1214 in
640 1151 727 1216 lecto
753 1139 891 1214 Ciassus
918 1160 1004 1214 esset
1027 1159 1061 1214 et
1083 1150 1172 1233 apud
1196 1170 1273 1213 eum
1300 1150 1467 1233 Sulpicius

114 1248 133 1287 '¹
211 1292 214 1302 =
242 1256 403 1344 ¹⁵.sederet,
432 1254 603 1318 Antonius
632 1265 745 1319 autem
777 1254 997 1318 inambularet
1027 1275 1102 1318 cum
1136 1253 1237 1319 Cotta
1266 1257 1300 1318 in
1330 1257 1466 1337 porticu,

159 1374 162 1384 ·
266 1368 402 1441 repente
420 1379 460 1422 eo
477 1358 519 1441 Q.
537 1359 674 1424 Catulus
689 1380 793 1422 senex
808 1379 884 1423 cum
904 1357 942 1424 C.
959 1359 1043 1422 Iulio
1058 1359 1158 1422 fratre
1172 1361 1281 1437 venit3
1304 1360 1394 1441 quod
1411 1359 1466 1422 ubi

266 1465 399 1540 audivit,
415 1472 601 1527 commotus
618 1461 756 1527 Crassus
775 1464 917 1526 surrexit
932 1482 1114 1544 omnesque
1132 1465 1285 1527 admirati
1307 1465 1465 1526 maiorem

223 1586 254 1622 10
266 1567 411 1650 aliquam
429 1587 502 1630 esse
520 1587 654 1630 causam
675 1588 789 1630 eorum
811 1568 973 1631 adventus
996 1568 1151 1648 suspicati
1172 1577 1258 1634 sunt.
1303 1567 1370 1649 Qui
1391 1571 1513 1631 cum13

266 1673 352 1734 inter
363 1691 406 1748 se,
419 1680 455 1734 ut
467 1670 848 1762 lPSOQQllSJQYPbab
858 1671 1056 1734 amicissime
1067 1671 1332 1735 consalutassent
1345 1697 1353 1734 :
1369 1671 1466 1753 ‘quid

265 1795 324 1838 vos
334 1776 471 1839 tandem
481 1771 513 1840 θ’
548 1774 686 1839 Crassus
699 1781 706 1809 ‘
717 1757 972 1857 numquidnam'
985 1775 1092 1856 inquit
1105 1776 1197 1838 ‘novi
1207 1773 1234 1839 ?'
1251 1773 1360 1838 ‘Nihil
1369 1772 1468 1852 sane,'

267 1882 374 1962 inquit
390 1879 529 1944 Catulus
545 1881 684 1944 ‘etenim
696 1879 789 1943 vides
805 1900 876 1942 esse
892 1879 1007 1956 ludos;
1039 1878 1193 1943 sed-vel
1209 1890 1245 1944 tu
1262 1899 1322 1943 nos
1337 1880 1468 1962 ineptos

302 2090 321 2124 r.
335 2074 410 2124 Soros
418 2074 480 2124 finds
491 2091 507 2124 a
518 2074 596 2139 slight
607 2091 710 2140 zeugma
720 2074 745 2123 in
754 2078 841 2132 parnt·
891 2073 987 2123 Latinis
996 2074 1037 2138 qui
1046 2073 1135 2124 mediis
1143 2081 1233 2132 carent,
1242 2074 1366 2132 inusitata,
1375 2075 1467 2140 signifi·

264 2156 341 2198 pere,
352 2141 435 2189 which
452 2141 513 2190 suits
529 2142 626 2206 exactly
638 2141 696 2204 only
709 2142 843 2190 ‘rationem
891 2141 945 2190 cavi
953 2141 1009 2189 adi.
1019 2155 1057 2191 ao.
1065 2155 1097 2205 90
1106 2140 1126 2188 ε’
1139 2141 1188 2190 Ell.
1200 2141 1254 2190 The
1262 2143 1331 2190 word
1338 2158 1395 2206 may
1403 2141 1466 2192 have

265 2204 380 2266 dicendi,'
398 2207 473 2256 while
495 2207 556 2256 ‘tibi
579 2209 739 2271 comparare'
757 2207 843 2256 would
890 2205 940 2254 this
956 2206 1022 2256 force
1038 2206 1064 2254 in
1076 2207 1097 2254 F
1098 2206 1142 2255 lor.
1154 2208 1187 2255 iv.
1200 2220 1222 2267 3.
1234 2206 1250 2254 6
1262 2208 1396 2256 ‘exercitus
1410 2223 1466 2256 con·

265 2272 329 2321 have
346 2287 411 2336 gone
428 2273 509 2357 better
520 2272 580 2321 with
594 2273 842 2358 ‘prudentiamfand
890 2271 1014 2347 salutant,¹
1025 2272 1070 2320 but
1082 2272 1101 2320 it
1113 2273 1134 2322 is
1142 2280 1313 2350 more'correc't
1322 2280 1350 2321 to
1358 2289 1402 2351 say
1411 2273 1466 2322 that

265 2337 843 2466 tzittaitt...¹¹.3ll·..lhtlttzt
889 2337 1467 2467 thtltglt‘.{littiltttihltttft

265 2484 303 2532 cp.
316 2468 332 2515 i.
348 2472 361 2526 t
373 2481 436 2532 219:
446 2469 597 2528 prudentiam
609 2469 765 2530 rationemque
773 2467 842 2516 how·
889 2466 975 2530 procal
983 2468 1081 2520 action:
1094 2484 1134 2532 cp.
1144 2468 1254 2532 Madvig,
1265 2475 1331 2534 §490
1341 2470 1365 2519 b.
1373 2471 1426 2520 obs.
1434 2469 1466 2519 6:

265 2549 322 2582 ever
337 2532 402 2581 form
419 2533 564 2597 practically
580 2549 596 2582 a
612 2532 757 2597 hendiadys,
770 2533 842 2582 ‘skill
889 2531 970 2580 Plaut.
984 2533 1057 2595 Capt.
1073 2547 1094 2580 a.
1108 2547 1130 2596 3.
1143 2534 1175 2581 60
1188 2534 1286 2583 ‘videas
1300 2537 1373 2584 corde
1383 2551 1467 2584 amare

264 2599 290 2646 in
302 2598 344 2648 the
356 2598 458 2661 theory!
888 2596 952 2645 iuter
968 2595 1023 2646 se:'
1047 2598 1100 2648 Cic.
1118 2598 1151 2647 ad
1167 2599 1221 2648 Art.
1238 2599 1270 2647 vi.
1293 2613 1314 2650 1.
1334 2614 1362 2648 ια
1383 2601 1467 2650 ‘Cice-

300 2669 329 2723 ξς
342 2666 436 2717 12-27.
462 2663 511 2712 The
526 2664 699 2712 circnnntnnces
710 2664 784 2725 osilia
795 2665 842 2711 dis·
887 2677 961 2710 rones
972 2663 1041 2726 pueri
1053 2663 1116 2712 inter
1127 2670 1244 2712 seamant
1255 2665 1277 2712 ε’
1293 2664 1320 2712 in
1331 2667 1432 2715 Catili.
1442 2679 1466 2728 5.

264 2730 355 2777 cassian
372 2731 397 2776 in
411 2729 449 2776 tlte
465 2731 557 2777 mornin
593 2731 622 2791 of
633 2729 671 2776 tlte
690 2731 773 2776 second
787 2732 840 2790 dny.
891 2741 920 2788 13
933 2727 1031 2776 ‘furtim
1042 2743 1092 2777 non
1108 2745 1234 2792 nunquam
1251 2730 1314 2778 inter
1325 2745 1351 2779 se
1363 2732 1466 2795 aspicie·

265 2745 673 2856 Arnvolofc'onilusnn'ricnesnr.
700 2795 772 2856 After
780 2811 842 2842 some
888 2792 981 2851 bant3’
998 2793 1071 2842 while
1080 2795 1310 2869 ¹yginii-ignara„replaoes
1325 2796 1344 2845 it
1361 2797 1386 2845 in
1402 2797 1466 2846 later

264 2862 422 2908 conversation
433 2877 463 2907 on
474 2860 511 2908 tire
519 2870 604 2923 proper
612 2861 778 2921 usetffleisure,
788 2862 840 2909 An·
888 2858 962 2906 Latin
979 2859 1043 2906 from
1058 2853 1121 2924 Lrvy
1132 2862 1259 2909 onwards:
1276 2876 1295 2910 e.
1304 2877 1328 2925 g.
1341 2862 1404 2910 Plin.
1417 2863 1466 2926 Ep.

264 2927 339 2974 tonius
350 2926 411 2973 takes
422 2936 453 2988 up
464 2926 500 2972 liis
508 2936 565 2988 part
575 2927 599 2974 in
611 2925 648 2974 ite
657 2927 790 2977 discussion.
888 2923 930 2972 vii.
945 2937 983 2974 20.
995 2925 1027 2972 ad
1038 2923 1081 2974 fin.
1093 2929 1136 2974 ‘ut
1147 2927 1273 2975 ardentius
1290 2927 1394 2976 invicem
1410 2928 1464 2976 dili-

297 2989 321 3039 6.
338 2994 424 3040 etiam
440 2995 546 3040 tumin
560 2995 641 3041 lauto.
675 2991 778 3041 Crassus
789 3006 842 3040 was
908 2987 994 3038 amus!
1028 2991 1075 3054 Cp.
1096 2991 1207 3047 Kiihner.
1226 2993 1252 3040 ii.
1271 3006 1336 3057 450;
1360 2994 1464 3058 Dr'ager,

263 3056 339 3106 noted
348 3056 433 3105 sorhis
444 3057 572 3106 luxurious
580 3057 680 3106 habits:
697 3057 840 3121 cp.1ntrod.
918 3055 957 3103 ist.
969 3055 1038 3118 Synt.
1050 3057 1066 3106 i.
1079 3071 1135 3119 371.
1169 3057 1203 3106 So
1220 3060 1279 3105 inter
1289 3074 1343 3107 nos:
1360 3058 1378 3108 i.
1390 3059 1413 3108 8.
1425 3073 1465 3120 32.

282 3135 342 3180 .1a,
360 3122 410 3172 and
428 3122 443 3172 ’.
473 3137 530 3188 ·29·
564 3122 689 3187 Sulpicius
705 3139 756 3172 was
772 3139 840 3186 espe-
939 3121 994 3168 ‘nter
1042 3122 1066 3180 is
1082 3138 1157 3172 never
1173 3124 1233 3173 used
1250 3124 1275 3172 in
1293 3123 1343 3174 this
1359 3124 1464 3188 phrase:

263 3204 286 3237 cr
322 3206 338 3252 y
349 3132 616 3246 devotidbierassus,
627 3190 707 3239 Cotta
721 3195 748 3238 to
761 3190 841 3238 Anto·
887 3186 961 3250 Nige
972 3187 1009 3236 sb.
1022 3187 1076 3236 Stil.
1087 3203 1111 3251 p.
1126 3203 1181 3251 241.

263 3255 332 3302 nius:
350 3253 385 3303 ib.
397 3269 421 3316 p.
436 3251 475 3301 16.
920 3252 1036 3309 ferebar,
1047 3251 1208 3337 ‘prompted’
1217 3269 1246 3302 or
1256 3254 1363 3319 perhaps
1374 3254 1465 3318 simply

297 3319 320 3372 7.
337 3315 840 3383 porticus,‘colonnade‚'never‘porcb'
889 3317 1049 3383 ‘permittedz
1082 3335 1121 3383 cp.
1136 3336 1183 3384 pro
1200 3319 1296 3370 Cluent.
1309 3319 1348 3370 60.
1364 3318 1465 3368 168·ut

262 3385 288 3433 in
306 3383 349 3433 the
369 3385 471 3434 modern
494 3399 571 3440 sense,
588 3384 684 3448 though
703 3385 841 3448 Shalrspere
888 3391 957 3433 aetas
974 3381 1018 3430 illa
1035 3384 1112 3432 fert:'
1129 3384 1162 3432 ad
1179 3385 1211 3448 Q.
1223 3385 1302 3435 Fratr.
1320 3385 1336 3435 i.
1348 3400 1371 3448 4
1385 3399 1398 3448 5
1417 3385 1466 3435 ‘ad

263 3465 319 3498 uses
330 3457 337 3476 ⁸
344 3449 435 3513 porch’
448 3450 473 3497 in
485 3449 527 3499 the
538 3465 608 3499 sense
619 3449 647 3498 oi
659 3453 776 3511 portiom:
793 3465 840 3513 eg.
888 3463 936 3508 me,
949 3454 977 3496 ut
988 3454 1101 3513 tempora
1112 3456 1204 3512 nostra,
1216 3466 1266 3499 non
1283 3457 1310 3500 ut
1327 3467 1398 3500 amor
1408 3459 1466 3500 tuus

263 3514 371 3578 ‘Repair
391 3523 417 3564 to
440 3516 570 3580 Pompey’s
592 3515 677 3578 porch,
694 3515 775 3565 where
792 3531 842 3579 you
888 3515 943 3574 lert,
955 3528 1011 3563 vere
1022 3515 1160 3578 perscribe!

263 3579 330 3629 shall
341 3579 392 3628 find
403 3582 464 3629 us:'
480 3580 530 3646 Jul.
542 3581 613 3631 Caes.
626 3581 676 3630 Act
688 3582 709 3631 I.
722 3581 760 3631 Sc.
774 3581 809 3631 iii.
924 3593 962 3630 11.
980 3584 1050 3636 quid
1071 3595 1123 3629 vos
1145 3584 1281 3630 tandm?
1315 3598 1348 3632 sc.
1368 3581 1466 3631 facitis:

297 3647 320 3694 8.
338 3649 471 3696 Catulus:
490 3647 585 3696 Introd.
599 3662 624 3710 p.
635 3661 673 3709 ²3·
691 3647 746 3697 The
758 3662 804 3696 son
816 3646 845 3694 os
888 3645 970 3710 Roby‚
991 3652 1089 3709 §1441.
1122 3647 1203 3696 There
1222 3646 1243 3694 is
1262 3663 1278 3696 a
1297 3663 1356 3710 very
1371 3646 1468 3696 similar

263 3710 312 3759 this
324 3710 428 3761 Catulus
439 3728 491 3761 was
508 3713 593 3762 consul
608 3713 634 3761 in
649 3715 686 3776 78,
697 3714 747 3762 and
757 3712 842 3761 would
888 3727 994 3778 passage
1004 3710 1029 3759 in
1041 3711 1083 3762 the
1100 3711 1267 3761 introduction
1279 3719 1306 3762 to
1323 3713 1365 3762 the
1376 3714 1466 3761 Brutus

264 3776 385 3825 therefore
406 3777 438 3826 be
460 3784 487 3826 at
508 3779 559 3827 this
581 3779 641 3827 time
663 3781 742 3829 about
765 3778 842 3842 thirty
890 3783 1062 3842 (3.10)‘nam
1075 3793 1132 3827 cum
1147 3777 1326 3827 inambularem
1343 3777 1466 3842 inxysto'

263 3856 334 3904 years
342 3842 372 3889 ol
377 3857 424 3905 age
434 3857 440 3888 :
452 3841 528 3892 hence
535 3843 641 3908 perhaps
649 3845 692 3896 the
700 3845 841 3895 distinctive
890 3841 918 3903 (i.
926 3858 949 3908 q.
959 3844 1050 3907 porticu
1061 3842 1131 3905 here)
1144 3843 1194 3890 ‘M.
1206 3843 1239 3891 ad
1250 3860 1289 3893 me
1303 3844 1393 3892 Brutus
1410 3859 1467 3892 cum

263 3906 376 3955 addition
389 3906 530 3957 of‘senex.'
888 3909 919 3959 T.
941 3909 1080 3975 Pomponio
1101 3915 1209 3959 venerat.
1243 3910 1313 3972 Quos
1335 3916 1468 3973 postquam

297 3975 327 4022 0.
339 3975 431 4021 Iulio:
448 3973 544 4023 Introd.
556 3989 581 4038 p.
596 3987 636 4038 24.
888 3975 1001 4036 salutavi,
1011 3973 1071 4040 quid
1078 3989 1130 4034 vos,
1139 3975 1247 4038 inquam,
1253 3975 1326 4024 Brute
1335 3982 1360 4024 et
1366 3975 1467 4024 Attice?

297 4053 321 4102 9.
338 4044 509 4088 commotus:
532 4039 571 4088 sor
587 4040 630 4089 the
648 4041 757 4103 exciting
776 4040 841 4103 posi·
888 4042 1009 4105 numquid
1030 4039 1129 4088 tandem
1147 4040 1223 4088 novi?
1256 4040 1330 4089 Nihil
1348 4056 1413 4100 sane,
1431 4042 1467 4089 in·

264 4103 319 4152 tion
341 4103 371 4152 oi
392 4105 478 4167 public
497 4105 579 4154 affairs
598 4111 624 4154 at
643 4104 693 4153 this
715 4106 777 4154 time
801 4120 842 4155 see
888 4107 942 4170 quit
954 4101 1061 4156 Bmtus'

265 4168 361 4218 Introd.
373 4183 398 4232 p,
411 4168 434 4217 6.
925 4186 963 4223 η.
981 4178 1097 4223 crassm
1110 4205 1116 4218 .
1129 4206 1135 4220 .
1147 4205 1154 4219 .
1165 4172 1276 4228 inquit:
1294 4169 1333 4220 sor
1344 4169 1386 4222 the
1397 4187 1468 4236 sepa·

298 4235 440 4292 admirmi,
457 4236 497 4284 ‘in
516 4231 713 4286 astonishment?
730 4251 758 4284 as
779 4235 805 4282 in
825 4235 842 4284 i.
889 4237 970 4286 ration
982 4239 1012 4288 of
1023 4237 1092 4286 these
1103 4242 1156 4286 two
1165 4237 1255 4296 words,
1268 4235 1350 4285 which
1362 4237 1383 4286 is
1399 4237 1468 4301 quite

265 4299 305 4362 56.
319 4309 375 4362 237.
410 4300 472 4348 This
481 4315 524 4348 use
538 4301 560 4348 is
576 4315 604 4348 so
622 4315 745 4358 common,
757 4301 812 4350 that
824 4301 844 4349 it
891 4302 970 4359 usual,
982 4318 1021 4367 cp.
1036 4307 1064 4362 ἐξ
1081 4300 1118 4361 16,
1135 4301 1201 4367 296:
1218 4301 1257 4352 sor
1267 4302 1310 4353 the
1320 4302 1430 4368 position
1442 4304 1472 4353 ot

265 4366 287 4414 is
304 4363 394 4451 hardly
409 4371 502 4414 correct
518 4365 578 4414 with
596 4365 672 4415 Sorof
684 4374 712 4416 to
728 4383 772 4431 say
788 4367 844 4416 that
892 4366 1025 4424 ‘Crassus’
1042 4369 1058 4416 i.
1071 4380 1110 4429 33.
1125 4382 1179 4432 149.

267 4431 365 4481 ‘mirati
393 4430 477 4480 would
486 4431 551 4480 have
561 4432 624 4480 been
635 4447 704 4482 more
716 4432 795 4482 usual.
925 4445 962 4495 13.
979 4438 1076 4484 ludos:
1092 4433 1110 4482 i.
1123 4445 1145 4496 y.
1159 4447 1205 4496 a4;
1223 4433 1318 4482 Introd.
1329 4449 1355 4497 p.
1367 4433 1391 4485 6.

301 4511 340 4549 11.
357 4500 756 4547 interae..oonsslutassent:
769 4502 842 4548 ‘con-
923 4501 1077 4556 ineptos..
1094 4504 1163 4548 .vel
1190 4502 1334 4555 molestos,
1364 4501 1467 4563 ‘imper-

265 4563 367 4613 salutari
375 4560 506 4612 dicivideri
512 4562 637 4626 reciproce
643 4561 840 4626 protonotarii
890 4562 968 4613 tinent
980 4580 1008 4612 or
1018 4564 1193 4622 troublesome,
1201 4579 1229 4613 as
1240 4579 1289 4628 you
1301 4563 1384 4630 plesse
1395 4566 1416 4616 :⁸
1427 4581 1467 4632 ep.

265 4628 291 4676 vi
309 4626 377 4676 verbi
396 4625 472 4678 medii
494 4628 561 4694 apud
585 4628 695 4681 Graecos
717 4628 837 4694 legitima,
889 4628 1004 4690 below‚§
1020 4639 1058 4695 17.
