3310 5040
583 429 654 500 DE
687 423 781 501 ORA
790 435 821 500 T
821 433 920 501 ORE
950 435 1000 504 II.
1328 453 1389 521 223

193 625 296 692 oculis
311 625 430 692 civium
454 627 710 706 constituendus,
726 633 764 692 ut
784 626 962 708 videamus,
978 627 1058 711 quid
1077 627 1107 693 ei
1128 626 1252 711 negotii
1273 625 1391 692 demus

192 732 310 814 cuique
325 753 400 795 eum
418 733 542 797 muneri
557 732 695 796 velimus
711 753 782 796 esse
797 735 1020 815 praepositum
1033 754 1142 816 :mam
1160 733 1297 798 Crassus
1311 733 1389 806 heri,

193 854 268 899 curn
284 857 352 914 vos,
369 834 488 901 Catule
503 845 537 900 et
556 836 687 913 Caesar,
703 856 768 900 non
789 837 959 916 adessetis,
974 837 1085 922 posqit
1105 838 1248 902 breviter
1263 839 1296 901 in
1312 838 1391 902 artis

193 940 425 1004 distributione
443 938 539 1019 idem,
580 941 644 1032 uqd
670 938 787 1003 Graeci
809 939 958 1022 plerique
980 951 1168 1024 posuerunt,
1183 962 1290 1024 neque
1312 961 1392 1024 sape
1406 968 1439 1026 f.
1562 909 1573 961 l

194 1044 273 1124 quid
290 1044 360 1126 ipse
375 1029 589 1122 sentiret-sed
602 1044 681 1126 quid
697 1044 740 1107 ab
756 1044 819 1108 illis
834 1045 1005 1124 diceretur,
1017 1046 1183 1110 ostendit:
1207 1046 1274 1109 duo
1285 1046 1419 1128 primas

192 1166 313 1228 genera
329 1148 560 1229 quaestionum
581 1168 661 1224 esse,
679 1149 712 1210 in
733 1148 851 1229 quibus
872 1148 1060 1230 eloquentia
1080 1159 1273 1228 versaretur,
1289 1169 1392 1212 unum
1407 1165 1499 1254 esa..
1513 1192 1519 1200 .

144 1271 180 1316 42
193 1249 366 1329 infinitum,
381 1250 521 1315 alterum
540 1259 684 1316 certum:
708 1251 873 1317 infinitum
893 1253 973 1316 mihi
988 1254 1163 1318 videbatur
1177 1254 1210 1317 id
1226 1255 1343 1331 dicere,
1358 1253 1392 1316 in
1420 1274 1452 1358 rs
1465 1295 1484 1317 a
1501 1285 1512 1299 ·‹
1530 1247 1545 1304 J'·
1556 1279 1566 1301 τ
1577 1253 1635 1304 usa<

192 1374 259 1436 quo
270 1355 395 1437 aliquid
410 1356 592 1438 generatim
605 1366 825 1437 quaereretur,
836 1355 900 1421 hoc
916 1359 1035 1422 modo:
1060 1359 1290 1440 expetendane
1305 1369 1393 1422 esset

193 1459 405 1541 eloquentia?
432 1461 658 1541 expetendine
681 1459 845 1525 honores?
872 1472 998 1525 certum
1024 1472 1145 1540 autem,
1167 1463 1200 1524 in
1223 1481 1289 1544 quo
1312 1461 1392 1543 quid

192 1563 226 1626 in
253 1564 401 1645 personis
431 1572 465 1628 et
491 1564 524 1625 in
551 1564 732 1627 constituta
758 1584 793 1628 re
819 1573 852 1628 et
879 1564 1017 1629 definita
1043 1575 1271 1647 quaereretur3
1301 1565 1392 1628 cuius
1408 1590 1439 1626 10

193 1669 283 1733 modi
295 1678 382 1744 sunt,
395 1688 480 1750 quae
495 1669 529 1730 in
541 1667 612 1731 soro
623 1677 724 1750 atque
740 1669 773 1731 in
785 1668 905 1732 civium
917 1669 1024 1732 causis
1036 1669 1393 1751 disceptationibusque

142 1787 180 1835 43
193 1782 373 1836 versantur.
419 1773 471 1836 Ea
491 1772 571 1835 mihi
593 1772 748 1836 videntur
770 1781 827 1836 aut
848 1773 884 1835 in
902 1771 960 1836 lite
982 1773 1108 1860 Qi‘la
1130 1781 1188 1836 aut
1208 1773 1241 1835 in
1257 1773 1393 1836 consilio

192 1877 304 1940 dando
322 1898 393 1940 esse
414 1877 531 1959 posita,
547 1896 624 1939 nam
646 1875 728 1939 illud
750 1877 892 1953 tertium,
911 1878 1000 1959 quod
1024 1886 1058 1940 et
1080 1859 1101 1940 a
1124 1875 1244 1940 Crasso
1266 1884 1392 1940 tactum
1414 1939 1440 1980 w
1459 1858 1494 1964 s}
1507 1901 1530 1948 ,r
1555 1899 1591 1934 e.

143 1977 146 1986 '
192 1990 242 2044 est
265 1990 309 2057 et,
331 1989 368 2044 ut
388 1981 497 2058 audio,
520 1979 575 2043 ille
602 1981 673 2062 ipse
696 1979 907 2059 Aristoteles,
930 1982 987 2062 qui
1013 1979 1095 2045 haec
1118 1981 1265 2044 maxime
1291 1980 1409 2072 inlqs·'
1437 2017 1582 2086 [ww.

191 2086 299 2172 Q,
313 2085 478 2158 adiunxit,
495 2067 732 2166 etra‘rr‘r'sffipus
751 2093 808 2162 est,
828 2086 936 2148 minus
955 2094 1005 2148 est
1026 2093 1139 2149 tamen
1155 2083 1393 2149 necessarium?
1409 2105 1436 2156 15
1455 2092 1487 2152 ὥς
1501 2129 1512 2148 .
1525 2105 1562 2144 ..r
1584 2079 1604 2144 ἶι

192 2187 422 2270 ‘Quidnami'
456 2188 563 2269 inquit
594 2186 731 2250 Catulus
763 2191 822 2251 ‘an
853 2187 1084 2252 laudationes?
1115 2190 1148 2254 id
1179 2189 1267 2252 enim
1295 2188 1393 2252 video
1437 2184 1480 2279 'l‘
1556 2203 1582 2213 ’·

137 2300 180 2364 11
192 2294 271 2375 poni
295 2313 400 2375 genus
424 2289 580 2356 tertium!
624 2290 715 2384 ‘Q’
738 2291 846 2374 inquit
867 2292 1037 2357 Antonius
1063 2297 1114 2356 ‘et
1140 2293 1173 2355 in
1196 2313 1236 2356 eo
1250 2293 1393 2386 guidem
1427 2291 1446 2384 '¹’

140 2385 179 2430 44
192 2416 313 2481 genere
342 2399 410 2461 scio
444 2405 477 2460 et
511 2416 565 2459 me
595 2404 629 2460 et
658 2395 774 2470 omnis,
806 2395 863 2478 qui
892 2395 1076 2473 adsuerunt,
1107 2396 1291 2460 delectatos
1321 2416 1393 2461 esse
1430 2387 1433 2396 ’

191 2502 413 2580 vehementer,
440 2520 515 2565 cum
545 2520 566 2563 a
591 2509 625 2564 te
649 2507 700 2563 est
725 2499 863 2585 Popilia,
891 2509 997 2564 mater
1025 2509 1142 2579 vestra,
1168 2499 1314 2581 laudata,
1339 2502 1392 2565 cui

225 2684 247 2733 3.
263 2667 490 2730 postumam:
504 2661 705 2733 asini.15.65{
721 2672 766 2718 not
814 2665 1016 2728 demonstrativo,
1056 2665 1228 2728 deliberativo,
1264 2669 1391 2724 iudiciali!

190 2738 279 2796 asin§
295 2751 316 2787 2.
407 2727 460 2751 ν’
815 2735 856 2784 On
873 2734 982 2785 Cicero‘s
998 2735 1104 2786 relation
1121 2745 1148 2786 to
1168 2737 1289 2788 Aristotle
1306 2739 1391 2788 Prantl

225 2815 248 2864 5.
264 2804 356 2859 prima
377 2816 488 2860 genera,
513 2800 595 2850 ‘main
613 2795 766 2850 divisionst'
816 2800 919 2862 (Geseh.
932 2801 975 2850 der
986 2801 1076 2865 Logik,
1088 2803 1104 2851 i.
1114 2805 1281 2867 p.512‚note)
1293 2805 1390 2854 writes:

190 2869 299 2917 abstract
312 2867 361 2916 and
378 2874 503 2917 concrete:
521 2883 561 2930 cp.
575 2862 669 2914 Introd.
686 2881 710 2929 p.
724 2865 765 2926 56.
817 2866 877 2914 ‘All
888 2866 930 2915 the
942 2878 1059 2931 passages
1071 2869 1098 2916 in
1108 2865 1190 2918 which
1206 2869 1295 2919 Cicero
1305 2885 1391 2919 names

189 2935 244 2983 The
261 2933 366 2982 division
383 2949 435 2982 was
451 2931 503 2981 first
520 2932 592 2981 made
610 2932 643 2994 by
658 2931 766 2979 Henna-
815 2931 858 2980 the
869 2947 941 2982 name
955 2933 985 2981 oi
993 2933 1114 2983 Aristotle
1130 2949 1172 2984 are
1189 2935 1312 2998 revolting
1327 2935 1391 2984 from

189 3015 280 3064 goras:
299 3014 337 3062 cp.
349 2998 501 3054 Volkmann,
513 2996 643 3052 Rhetorik,
654 3013 679 3060 p.
693 3009 731 3042 21.
815 2997 857 3046 the
874 2997 991 3061 audacity
1008 2998 1037 3046 oi
1050 2999 1092 3060 the
1117 3015 1183 3059 man,
1201 2999 1267 3056 who,
1285 3000 1392 3050 without

225 3079 263 3114 10.
280 3067 312 3112 in
333 3066 471 3122 personis,
495 3063 571 3112 ‘with
594 3061 715 3110 reference
738 3065 765 3110 to
815 3078 865 3125 any
876 3063 991 3126 capacity
1002 3062 1127 3113 whatever
1143 3064 1182 3113 sor
1197 3064 1392 3130 understanding

188 3129 364 3181 individuals:¹
383 3129 449 3192 cpi.
463 3143 502 3191 3²·
516 3142 562 3191 144
575 3128 666 3189 (note).
814 3126 874 3187 him,
888 3142 1012 3191 presumes
1024 3134 1051 3177 to
1066 3144 1124 3193 pass
1134 3127 1265 3193 judgment
1276 3129 1354 3180 either
1366 3132 1395 3180 oi

224 3210 262 3246 υ.
273 3197 387 3251 oranda,
396 3198 487 3254 ‘orara
495 3194 613 3257 antiquos
621 3191 711 3240 dixisse
719 3206 765 3255 pro
814 3193 896 3256 praise
908 3209 937 3242 or
948 3193 1049 3243 blame.'

189 3278 260 3328 agere
269 3260 411 3310 testimonio
422 3267 467 3320 est,
476 3259 544 3324 quod
555 3267 658 3306 oratores
670 3257 731 3305 dicti
740 3263 765 3306 et
852 3271 888 3320 15.
905 3273 976 3316 opus
984 3265 1038 3316 est,
1048 3257 1094 3307 ‘ot'
1099 3259 1190 3310 service
1198 3257 1218 3307 :’
1230 3275 1269 3336 cp.
1280 3260 1312 3310 ad
1320 3260 1391 3311 Fam.

189 3341 320 3378 causarum
328 3334 425 3374 actores
436 3333 461 3374 et
472 3325 514 3388 qui
527 3323 561 3374 rei
573 3322 688 3387 publicae
695 3338 765 3371 man·
814 3323 830 3371 i.
838 3339 862 3388 9.
876 3340 888 3372 n
892 3339 905 3386 5
920 3324 1016 3388 ‘legem
1026 3325 1145 3374 curiatam
1156 3325 1251 3375 consuli
1262 3326 1318 3375 ferri
1328 3341 1392 3391 opus

189 3394 261 3444 datas
284 3407 369 3442 causas
398 3392 523 3456 agebant,’
552 3390 648 3449 Festus,
667 3404 692 3453 p.
717 3389 764 3453 198
814 3405 875 3450 esse,
885 3405 1040 3440 necessenon
1053 3391 1134 3440 esser'
1153 3391 1218 3440 Cato
1230 3392 1298 3457 apud
1307 3392 1393 3443 Senec.

190 3459 315 3521 (Miiller).
349 3457 403 3506 The
425 3457 524 3508 archaia
545 3471 588 3505 use
610 3455 715 3504 remains
738 3455 764 3503 in
814 3454 861 3520 Ep.
876 3470 917 3521 94,
931 3462 943 3516 5
958 3457 988 3504 28
1007 3456 1099 3505 ‘Emas
1115 3469 1166 3505 non
1183 3457 1251 3520 quod
1268 3473 1330 3522 opus
1346 3466 1392 3514 est,

188 3525 239 3574 this
254 3523 321 3586 legal
337 3525 443 3588 phrase:
473 3538 512 3587 cp.
528 3523 559 3572 de
576 3520 625 3571 Off.
636 3521 671 3572 iii.
683 3534 719 3570 ιο.
731 3533 763 3584 43
814 3522 857 3570 sed
870 3521 937 3586 quod
954 3537 1052 3570 necesse
1063 3520 1132 3571 est:'
1150 3537 1189 3584 cp.
1203 3522 1320 3580 below,§
1333 3524 1390 3584 3²⁶·

189 3590 256 3639 ‘litis
267 3591 375 3639 orandae
387 3589 502 3654 tempus!
814 3586 938 3636 Antonius
955 3587 1076 3636 discusses
1087 3586 1137 3636 this
1148 3586 1255 3636 division
1267 3586 1354 3651 briefly
1366 3589 1391 3638 in

225 3670 262 3719 13.
272 3659 346 3705 illud
353 3658 479 3714 tertium,
489 3655 505 3702 i.
514 3671 534 3704 e.
545 3653 587 3703 the
592 3668 666 3718 genus
673 3651 765 3700 danoa-
815 3656 844 3711 ἐξ
858 3665 980 3716 341-349.

188 3724 325 3771 strativum:
341 3726 457 3780 tentum,
469 3721 485 3769 i.
498 3734 537 3781 31.
552 3733 606 3782 141.
850 3718 887 3766 16.
899 3721 991 3766 video.
1009 3715 1114 3766 Catulus
1123 3715 1246 3781 speaksas
1255 3733 1391 3768 anaccorn·

225 3803 262 3852 14.
280 3790 414 3836 utaudio.
434 3787 558 3834 Antonius
565 3784 656 3834 desires
664 3789 692 3832 to
700 3782 765 3847 keep
814 3781 914 3847 plished
927 3782 1009 3831 Greek
1020 3782 1125 3832 scholar.

189 3869 224 3918 up
246 3851 288 3902 the
310 3850 457 3915 impression
477 3852 507 3899 oi
525 3850 564 3898 his
585 3849 717 3912 ignoranee
737 3847 767 3897 oi
850 3857 887 3910 17-
904 3849 1047 3912 1ta,‘yes‚'
1061 3847 1104 3897 the
1120 3854 1188 3899 most
1205 3843 1276 3900 usual
1293 3865 1348 3916 way
1365 3849 1396 3900 os

190 3918 273 3968 Greek
301 3917 437 3966 literature.
472 3915 514 3965 He
542 3915 634 3963 admits
663 3916 689 3977 (5
719 3913 762 3976 61)
814 3913 957 3979 expressing
973 3930 1005 3962 an
1022 3913 1180 3964 affirmative:
1203 3917 1235 3963 sic
1251 3916 1302 3965 and
1323 3918 1391 3966 eriam

189 3983 282 4047 having
303 3981 397 4032 looked
428 3987 455 4030 at
483 3996 551 4030 some
579 3979 763 4045 philosophical
813 3994 856 4029 are
867 3979 1019 4029 usedinthe
1030 3995 1099 4029 same
1109 3996 1173 4043 way.

189 4049 308 4104 treatises,
320 4049 366 4097 but
376 4053 421 4095 not
432 4053 459 4096 at
470 4062 518 4109 any
530 4061 563 4094 on
576 4045 689 4096 rhetoric.
849 4058 887 4110 19.
900 4047 1024 4103 Popilia:
1037 4045 1130 4095 Introd.
1140 4062 1165 4109 p.
1177 4060 1215 4110 ²4·
1233 4045 1288 4096 The
1294 4053 1391 4097 uastom

222 4117 400 4171 Aristoteles,
429 4112 503 4161 Rhet.
529 4112 546 4160 i.
572 4125 594 4173 3.
622 4124 633 4159 1
659 4108 713 4159 ἔστι
736 4108 762 4158 δὲ
814 4111 843 4160 oi
870 4111 1041 4176 pronouncing
1070 4111 1166 4161 funeral
1197 4113 1308 4161 orations
1332 4129 1392 4162 over

189 4180 232 4242 τῆς
248 4179 373 4244 ῥητορικῆς
390 4174 440 4242 εἴδη
457 4175 510 4241 rplu
526 4173 570 4225 τὸν
586 4175 685 4238 ἀριθμόν
814 4177 922 4227 eminent
938 4193 995 4226 men
1008 4192 1060 4226 was
1076 4193 1124 4226 one
1140 4176 1169 4225 oi
1182 4184 1253 4240 great
1268 4178 1391 4242 antiquity

189 4249 253 4295 ὥστε
275 4245 301 4307 ἐξ
323 4243 428 4306 ἀνάγκης
450 4241 480 4291 ἂν
504 4241 540 4308 εἴη
561 4241 616 4306 τρία
636 4240 697 4304 γένη
713 4240 764 4290 τῶν
814 4249 842 4291 at
854 4243 941 4292 Rome.
969 4243 1024 4291 The
1033 4242 1087 4292 first
1098 4243 1208 4292 instance
1218 4242 1243 4291 in
1254 4243 1337 4292 which
1348 4243 1390 4291 the

189 4310 271 4373 λόγων
299 4311 348 4358 τῶν
381 4309 521 4371 ῥητορικῶν,
554 4305 764 4367 συμβουλευτικὸν
814 4306 964 4357 honourola
972 4308 1250 4358 laudatiowasallowed
1258 4314 1285 4358 to
1293 4322 1390 4357 women

189 4373 486 4426 anauahentemo.
521 4376 568 4438 Cp.
580 4373 674 4423 Introd.
684 4389 711 4438 p.
724 4385 762 4434 52,
814 4389 874 4431 was,
893 4374 1027 4438 according
1043 4380 1070 4423 to
1086 4374 1140 4423 Liv.
1160 4391 1183 4424 v.
1204 4388 1242 4437 50.
1262 4383 1284 4435 7,
1305 4374 1329 4420 in
1347 4372 1391 4420 the

189 4443 238 4491 and
250 4442 303 4492 cie.
314 4442 345 4491 de
353 4442 406 4490 Inv.
414 4441 430 4489 i.
441 4452 463 4502 5.
477 4439 661 4503 7‘Aristoteles
672 4445 763 4498 autem,
814 4453 870 4488 case
882 4438 912 4487 oi
920 4438 990 4488 those
1007 4439 1064 4488 who
1083 4439 1134 4487 had
1154 4437 1311 4487 contributed
1325 4437 1390 4485 their

186 4508 231 4572 qui
253 4507 310 4556 huic
331 4507 379 4556 arti
401 4507 506 4572 plurima
526 4504 668 4554 adiumenta
689 4511 763 4568 atque
812 4503 875 4567 gold
890 4513 1032 4553 ornaments
1049 4510 1076 4554 to
1093 4503 1165 4553 make
1182 4519 1217 4566 up
1233 4501 1275 4550 the
1291 4517 1390 4551 ransom

189 4581 333 4622 ornamenta
344 4570 548 4628 subministravit,
560 4571 639 4619 tribus
654 4570 679 4618 in
690 4585 764 4633 gene·
812 4570 872 4634 paid
884 4575 911 4617 to
920 4569 962 4618 the
971 4568 1058 4617 Gauls.
1076 4568 1122 4633 Cp.
1132 4567 1197 4616 Plut.
1207 4565 1307 4618 Camill.
1318 4568 1345 4627 8;
1357 4567 1389 4616 de

188 4638 256 4689 ribus
278 4638 370 4689 versari
398 4637 504 4687 rhetoris
529 4635 636 4686 officium
659 4635 764 4700 putavit,
814 4634 878 4684 Mul.
890 4633 954 4684 Virt.
964 4633 1005 4684 vii.
1014 4649 1039 4698 p.
1054 4645 1076 4687 1.
1099 4633 1146 4684 We
1157 4632 1221 4684 have
1231 4631 1389 4683 well-known

881 4787 898 4836 t
