3286 5036
278 416 342 490 354

612 403 672 492 M„
691 401 865 469 TULLII
893 399 1156 469 CICERONIS

238 675 241 679 ι
278 601 351 656 tum
381 591 528 655 maxime
557 600 643 668 sunt,
674 611 750 656 cum
780 592 892 656 omnia
923 599 1127 674 exspectant,
1159 593 1193 654 et
1223 589 1346 654 dociles
1373 586 1483 674 magis

279 696 313 760 in
332 697 432 760 initiis
447 717 519 759 esse
535 705 694 778 possunt3
727 695 914 760 inlustriora
936 697 1023 758 enim
1042 701 1128 770 sunt,
1154 715 1240 776 quae
1263 696 1296 758 in
1312 695 1483 777 principiis

279 818 380 882 quam
393 821 479 882 quae
494 801 527 862 in
545 799 660 862 mediis
676 799 781 862 causis
797 801 951 862 dicuntur
965 808 1023 862 aut
1038 799 1207 881 arguendo
1219 808 1276 861 aut
1289 797 1483 861 refellendo.
1497 809 1545 856 aar

281 903 467 966 Maximam
489 913 601 967 autem
622 904 753 986 copiam
773 902 1007 985 principiorum
1026 903 1068 965 ad
1085 902 1225 964 iudicem
1247 911 1305 964 aut
1323 901 1484 965 adlicien-

250 1007 360 1074 adum
383 1015 441 1070 aut
462 1007 666 1070 incitandum
690 1028 735 1070 ex
759 1008 806 1070 eis
827 1006 907 1069 locis
931 1006 1108 1083 trahemus,
1131 1007 1187 1087 qui
1211 1004 1253 1067 ad
1280 1014 1389 1067 motus
1410 1005 1485 1068 ani-

280 1130 409 1174 morum
425 1111 644 1174 conficiendos
660 1111 791 1173 inerunt
806 1111 838 1172 in
854 1130 961 1187 causa,
977 1130 1060 1191 quos
1076 1118 1190 1172 tamen
1210 1118 1300 1172 totos
1321 1109 1483 1190 explicari

278 1215 312 1277 in
337 1215 496 1296 principio
521 1235 586 1276 non
613 1214 787 1295 oportebit,
813 1215 871 1276 sed
898 1222 1029 1277 tantum
1056 1213 1180 1294 impelli
1204 1213 1344 1276 iudicem
1372 1214 1483 1293 primo

279 1317 401 1395 leviter,
429 1328 465 1381 ut
495 1318 562 1380 iam
593 1317 749 1380 inclinato
777 1317 901 1398 reliqua
932 1317 1103 1380 incumbat
1129 1317 1246 1380 oratio.
1303 1315 1482 1379 Conexum
1497 1312 1547 1379 80

279 1431 392 1485 autem
413 1422 460 1484 ita
480 1421 523 1484 sit
541 1422 739 1503 principium
757 1421 970 1502 consequenti
991 1419 1141 1496 orationi,
1161 1428 1198 1482 ut
1219 1439 1286 1482 non
1306 1427 1482 1501 tamquam
1537 1400 1547 1409 ’

234 1545 266 1584 ιο
280 1525 460 1589 citharoedi
475 1527 679 1608 prooemium
695 1524 854 1589 adfictum
871 1524 1013 1606 aliquod,
1029 1524 1088 1586 sed
1105 1522 1283 1587 cohaerens
1298 1543 1372 1585 cum
1388 1522 1482 1601 omni

279 1647 415 1710 corpore
445 1629 631 1691 membrum
662 1649 734 1691 esse
763 1627 1037 1692 videatur-nam
1071 1647 1138 1690 non
1168 1625 1258 1704 nulli,
1288 1645 1364 1688 cum
1397 1625 1482 1688 illud

279 1731 428 1795 meditati
450 1732 634 1810 ediderunt,
650 1733 695 1795 sic
716 1732 759 1795 ad
781 1731 907 1813 reliqua
927 1739 1108 1804 transeunt,
1132 1739 1169 1793 ut
1191 1731 1393 1793 audientiam
1410 1727 1482 1792 fieri

278 1833 340 1896 sibi
353 1835 439 1898 nolle
450 1836 768 1916 videantur-atque
786 1835 855 1898 eius
867 1834 957 1898 modi
970 1834 1026 1898 illa
1038 1834 1182 1916 prolusio
1198 1833 1298 1897 debet
1315 1855 1395 1908 esse,
1412 1854 1482 1896 non

278 1945 315 2000 ut
339 1936 548 2016 Samnitium,
564 1938 621 2020 qui
641 1939 772 2002 vibrant
792 1938 907 2001 hastas
929 1946 1007 2000 ante
1028 1957 1183 2019 pugnam,
1199 1937 1318 2018 quibus
1340 1939 1374 1998 in
1396 1956 1483 2018 pug-

235 2069 263 2118 15
279 2040 389 2104 nando
412 2041 491 2104 nihil
515 2051 658 2120 utuntur,
684 2043 742 2105 sed
767 2052 804 2106 ut
827 2041 905 2123 ipsis
928 2043 1107 2121 sententiis,
1133 2041 1252 2122 quibus
1275 2039 1482 2122 proluserint,

277 2144 330 2208 vel
347 2165 493 2226 pugnare
508 2147 645 2227 possint.

1497 1399 1548 1444 ³20

323 2248 466 2311 Narrare
481 2268 559 2312 vero
576 2269 645 2311 rem
661 2249 751 2331 quod
770 2247 914 2312 breviter
937 2248 1062 2323 iubent,
1079 2247 1106 2310 si
1121 2247 1264 2311 brevitas
1279 2246 1481 2329 appellanda
1495 2267 1546 2312 aaa

279 2361 338 2430 est,
357 2373 432 2416 cum
454 2352 591 2416 verbum
615 2351 742 2415 nullum
763 2352 940 2427 redundat,
963 2351 1071 2415 brevis
1092 2360 1142 2415 est
1163 2351 1203 2414 L.
1221 2350 1331 2414 Crassi
1352 2351 1480 2428 orati03

663 2555 685 2589 a.
704 2541 728 2588 in
740 2540 814 2589 initiis
823 2540 877 2590 PS:
899 2539 994 2605 [initiis]
1008 2540 1034 2588 K
1044 2538 1094 2588 Ell.

313 2719 334 2753 a.
347 2705 377 2751 in
388 2704 490 2751 initiis:
501 2705 545 2751 not
555 2719 570 2751 a
579 2702 702 2752 technical
711 2703 852 2766 expression

278 2769 317 2818 sor
336 2770 360 2816 in
380 2769 480 2817 exordiis
498 2784 527 2816 or
545 2770 569 2815 in
586 2770 714 2831 principiis,
730 2769 775 2817 but
791 2769 852 2817 used

277 2835 337 2884 here
359 2833 427 2898 quite
454 2848 482 2882 as
509 2834 656 2898 equivalent.
678 2841 705 2883 to
728 2849 788 2898 vary
809 2833 852 2883 the

279 2901 376 2965 phrase.

311 2967 475 3025 illustriora,
489 2959 612 3014 ‘clearen’

313 3046 336 3092 3.
353 3034 502 3091 arguendo,
518 3031 558 3078 ‘in
569 3034 664 3093 respect
677 3028 707 3078 ol
718 3029 851 3094 proving2’

278 3097 360 3160 Roby,
375 3102 387 3156 §
403 3099 473 3157 ¹384·

311 3162 335 3211 (ν.
353 3164 550 3210 conficiendos.
585 3159 647 3208 This
659 3159 727 3208 word
740 3161 800 3209 does
807 3166 852 3209 not

277 3227 373 3290 require
385 3243 434 3290 any
444 3226 582 3282 alteration,
594 3241 621 3274 as
639 3241 707 3274 some
722 3224 786 3274 have
797 3241 853 3290 sug·

277 3292 364 3354 gested
380 3292 431 3353 (ie.
448 3293 546 3348 ciendos,
569 3293 708 3346 conciendos,
729 3306 757 3339 or
778 3295 853 3339 conci·

277 3359 370 3418 candos)
384 3373 388 3404 :
402 3373 438 3405 we
450 3372 507 3419 may
518 3357 600 3419 surely
615 3355 669 3404 talk
680 3356 709 3405 ol
720 3358 853 3421 producing

277 3423 408 3482 emotions,
418 3421 469 3484 just
480 3437 507 3470 as
524 3421 581 3470 well
597 3437 624 3470 as
638 3421 668 3470 of
680 3422 772 3486 calling
783 3421 851 3470 them

278 3494 330 3536 out.

311 3553 333 3600 8.
350 3557 407 3602 iam
429 3555 573 3610 incuncta,
595 3555 608 3613 5
634 3553 688 3614 187.
731 3551 852 3616 Nigelsb.

276 3618 331 3668 Stil.
343 3636 369 3683 p.
382 3619 437 3680 360.

311 3689 454 3734 Conexum
468 3690 571 3740 autem,
587 3688 634 3734 etc.
651 3683 699 3747 Cp.
716 3683 802 3745 Quint.
818 3683 851 3732 iv.

280 3761 301 3797 1.
312 3764 323 3799 1
333 3757 339 3777 ⁴
349 3751 415 3814 quod
423 3751 571 3814 principium
580 3749 669 3798 Latine
677 3748 715 3797 vel
724 3749 852 3798 exordium

278 3814 374 3873 dicitur,
385 3815 479 3865 maiore
490 3817 597 3879 quadam
609 3816 704 3864 ratione
717 3813 806 3863 Graeci
817 3815 852 3863 vi-

278 3879 366 3928 dentur
383 3879 505 3943 προοίμιον
522 3881 661 3929 nominasse
674 3917 679 3928 .
693 3915 699 3929 .
712 3917 718 3929 .
730 3895 788 3928 nam
800 3880 851 3929 sive

277 3945 478 4008 proptereaquod
486 3945 675 4005 oluncantusest
682 3952 706 3992 et
714 3944 852 3994 citharoedi

277 4024 358 4071 pauca
367 4008 418 4064 illa,
426 4025 497 4072 quae,
509 4018 641 4074 antequam
652 4009 790 4072 legitimum
802 4025 851 4059 cer-

277 4075 505 4144 tamenninchoant,
524 4073 648 4123 emerendi
663 4075 752 4122 favoris
770 4076 851 4138 gratia

277 4146 375 4197 canunt,
386 4140 540 4204 prooemium
548 4137 791 4202 cognominaverunt,
796 4156 851 4189 ora·

277 4211 343 4253 tores
355 4220 452 4268 quoque
469 4220 499 4253 ea
514 4220 575 4267 quae
589 4205 732 4268 priusquam
750 4221 865 4269 causam,

277 4270 441 4331 exordiantur,
455 4269 487 4318 ad
500 4269 666 4318 conciliandos
680 4271 728 4318 sibi
740 4270 849 4319 iudicum

276 4336 373 4386 animos
395 4336 598 4401 praeloquuntur,
626 4335 713 4384 eadem
742 4336 851 4399 appella·

276 4403 344 4451 tione
370 4403 505 4466 signarunt,
528 4402 587 4457 sive,
609 4401 664 4450 etc!
708 4402 753 4449 Ar.
776 4401 849 4450 Rhet.

276 4467 311 4516 iii.
327 4483 364 4530 14.
379 4467 433 4517 ιτδ
450 4467 496 4528 μὲν
513 4466 556 4518 οὖν
570 4465 700 4528 προαύλιον
717 4465 800 4526 ὅμοιον
814 4467 849 4528 τῷ

276 4533 325 4580 τῶν
348 4533 509 4582 ἐπιδεικτικῶν
537 4531 657 4594 προοιμίῳ·
687 4531 726 4580 καὶ
751 4531 800 4595 γὰρ
826 4533 849 4580 ol

276 4596 387 4660 αὐληταί,
415 4597 429 4646 ὅ
457 4616 481 4648 τι
509 4596 540 4646 ἄν
566 4596 592 4648 εδ
620 4595 710 4660 ἔχωσιν
736 4597 849 4659 αὐλῆσαι,

905 2703 979 2752 τοῦτο
990 2699 1186 2764 πρσαυλήσαντεο
1195 2699 1304 2764 συνῆψαν
1311 2703 1346 2765 τῷ
1356 2698 1481 2762 ἔνδοσῖμῳ,

903 2767 942 2817 καὶ
962 2769 989 2816 ἐν
1005 2768 1054 2817 τοῖς
1072 2768 1236 2817 ἐπιδεικτικοῖς
1257 2767 1340 2830 λόγοις
1363 2767 1400 2816 δεῖ
1416 2766 1481 2815 οὕτω

903 2833 1011 2898 γράφειν.

939 2914 976 2949 12.
1000 2903 1181 2960 audientiam,
1201 2898 1334 2948 ‘attentive
1345 2897 1446 2960 hearing
1456 2897 1480 2943 ε’

903 2964 968 3014 Reid
977 2981 1009 3013 on
1017 2966 1074 3015 Cat.
1082 2965 1144 3014 Mai.
1153 2981 1176 3029 9.
1188 2965 1217 3012 28
1229 2970 1236 2992 ‘
1245 2965 1352 3028 facitque
1361 2978 1480 3027 persaepe

904 3030 958 3143 ipsa
969 3031 1017 3144 sitbi
1034 3031 1192 3144 andtientiarp)
1202 3030 1288 3078 diserti
1296 3030 1364 3144 genis
1377 3035 1480 3092 compta

903 3098 1149 3144 emrrsora102'
1194 3096 1272 3144 inin
1318 3109 1428 3144 aec.1.
1465 3108 1477 3140 2

905 3163 913 3187 ‘
923 3161 978 3209 Iam
988 3177 1054 3210 nunc
1064 3169 1147 3210 mente
1158 3168 1183 3210 et
1194 3160 1347 3224 cogitatione
1354 3108 1479 3225 persbicio

904 3233 1022 3289 quantam
1053 3227 1158 3291 denique
1188 3227 1338 3275 audientiam
1373 3225 1480 3274 orationi

903 3307 973 3340 meae
989 3292 1136 3356 improbitas
1153 3291 1219 3341 illius
1236 3291 1331 3340 lactura
1347 3292 1395 3340 sit!

939 3372 978 3419 14.
992 3361 1174 3406 Samnitiumz
1186 3357 1240 3406 Liv.
1252 3357 1284 3404 ix,
1296 3372 1336 3420 40.
1347 3366 1376 3419 ¹7
1388 3363 1394 3383 ‘
1405 3356 1478 3404 Cam·

903 3422 962 3485 pani
990 3423 1023 3470 ab
1051 3423 1167 3487 superbia
1194 3429 1220 3470 et
1243 3422 1302 3470 odio
1330 3421 1479 3470 Samnitium

902 3486 1062 3551 gladiatores,
1069 3489 1137 3552 quod
1146 3487 1316 3551 spectaculum
1323 3487 1386 3534 inter
1394 3485 1481 3548 epulas

902 3559 962 3609 erat,
980 3568 1010 3601 eo
1027 3560 1115 3601 ornatu
1138 3559 1264 3602 armarunt
1285 3551 1481 3616 Samnitiumque

902 3618 1002 3666 nomine
1019 3618 1215 3681 compellarunt!
1248 3618 1295 3681 Cp.
1315 3617 1480 3673 Friedl'ander,

904 3683 1066 3746 Sittengesch.
1078 3683 1104 3732 ii.
1117 3683 1172 3745 326.

939 3759 977 3811 17.
988 3752 1128 3798 breviter:
1141 3748 1172 3796 de
1183 3749 1236 3797 Inv.
1244 3743 1262 3796 i.
1271 3762 1312 3796 σο.
1326 3749 1355 3796 28
1365 3752 1480 3811 ‘oportet

903 3814 979 3928 pu,
987 3829 1042 3928 ein
1052 3813 1481 3927 (ulmtiinenifflihiif‘iilii

900 3895 1293 4009 jddglrhbhtaffiieaqhiigoagarebs
1305 3915 1366 3990 with
1384 3894 1438 3990 thaet
1452 3942 1482 3990 of

902 4010 1031 4071 Aristode,
1058 4009 1132 4059 Rhet.
1158 4009 1194 4058 iii.
1219 4009 1248 4058 16
1269 4009 1312 4056 νῦν
1332 4006 1358 4055 δὲ
1381 4006 1481 4069 γελοίως

901 4075 948 4136 τὴν
966 4073 1077 4138 διήγησίν
1097 4083 1156 4136 φασι
1177 4075 1227 4122 δεῖν
1244 4071 1303 4122 εἶναι
1321 4073 1423 4133 παχεῖαν
1435 4109 1442 4122 .
1454 4109 1480 4122 ..

902 4140 939 4188 δεῖ
954 4139 1053 4203 γὰρμὴ
1070 4139 1162 4202 μακρῶς
1180 4140 1308 4202 διηγῆσθαι
1327 4137 1409 4198 ὥσπερ
1425 4137 1479 4186 οὐδὲ

900 4203 1293 4319 irritaturus
1318 4203 1362 4316 'r
1378 4201 1481 4327 iliu

899 4287 1053 4398 ταέδυήοιῖὸ
1069 4288 1199 4397 dividatur,
1223 4288 1346 4383 ἀλλὰητδ
1373 4332 1480 4397 μετρίοις·

900 4403 974 4450 τοῦτο
993 4401 1018 4450 δὲ
1038 4401 1092 4450 ἐστὶ
1109 4400 1139 4450 τὸ
1156 4400 1241 4464 λέγειν
1258 4399 1307 4448 ὅσα
1324 4399 1428 4462 δηλώσει
1450 4397 1480 4447 τὸ

901 4468 1008 4530 πρᾶγμα,
1019 4466 1035 4527 ἡ
1046 4466 1093 4516 ὅσα
1100 4466 1193 4528 ποιήσει
1208 4467 1342 4521 ὑπολαβεῖν
1352 4463 1480 4528 γεγονέναι

901 4532 917 4592 ὴ
935 4531 1090 4595 βεβλαφέναι
1108 4531 1124 4594 ἢ
1142 4531 1288 4594 ἠδικηκέναι,
1311 4529 1327 4591 ἡ
1345 4531 1481 4594 τηλικαῦτα

900 4597 974 4660 ἡλίκα
985 4597 1077 4653 βούλει·
1100 4599 1135 4660 τῷ
1148 4597 1168 4646 δ’
1180 4596 1283 4660 ἐναντίῳ
1293 4595 1325 4645 τὰ
1336 4594 1441 4646 ῖνανπῖα.
