3310 5040
584 392 655 459 aa
688 395 922 460 errrore
952 397 1001 462 rr.
1331 414 1393 484 215

256 523 268 556 Ι
623 555 627 569 ,
656 550 660 571 ‚
1342 557 1344 566 .

193 578 360 644 ‘Persium
382 603 449 646 non
472 527 549 648 cdro
570 545 793 668 ldgere‚’—hic
808 588 869 652 suit
893 587 991 666 enim,
1006 599 1043 654 ut
1066 608 1229 668 notamus,
1246 589 1394 652 omnium

192 683 259 748 lere
275 696 461 751 nostrorum
476 688 646 753 hominum
665 691 928 755 doctissimus-⁴
938 671 1089 755 Ladlium
1103 663 1288 757 Decumdm
1300 693 1394 771 vo10‚’

192 809 293 869 quem
309 793 524 874 cognovimus
539 795 645 857 virum
661 796 786 885 bonum
802 805 835 858 et
855 815 922 858 non
938 795 1165 875 inlitteratum,
1181 798 1238 860 sed
1255 797 1434 897 ιιίΙιίΙὲιΣῙ,κ

193 891 360 973 Persium3
385 895 431 960 sic
454 917 524 979 ego,
548 889 771 992 sigmmihi
798 900 1035 982 disputandum
1059 900 1102 963 sit
1129 901 1171 963 de
1197 900 1248 964 his
1273 903 1393 966 nostris

181 993 335 1077 siffis?
344 1000 446 1064 nolim
472 1002 627 1085 equidem
653 1005 743 1085 apud
774 1003 922 1078 rusticos,
949 1005 1007 1066 sed
1036 1002 1141 1068 multo
1168 1005 1276 1068 minus
1302 1007 1420 1087 apud5

191 1121 270 1180 vos3
294 1103 382 1166 malo
398 1104 485 1167 enim
499 1127 564 1168 non
578 1106 723 1190 intellegi
739 1108 922 1171 orationem
935 1128 1045 1171 meam
1061 1127 1160 1189 quam
1178 1109 1392 1194 reprehendi!
1430 1181 1434 1193 ,

155 1198 281 1270 irum
305 1206 428 1271 Caesar
441 1210 631 1292 ‘equidem’
651 1211 758 1293 inquit
774 1211 920 1286 ‘Catule
937 1212 1003 1273 iam
1024 1211 1103 1273 mihi
1123 1212 1238 1275 videor
1255 1225 1486 1281 navasse‹r·¹‘¹
1533 1217 1555 1236 ‘⁴

1501 1269 1621 1311 imit!

142 1283 180 1330 ²⁰
193 1329 337 1390 operam,
352 1314 442 1393 quod
458 1313 522 1378 huc
536 1314 690 1389 venerim,
704 1336 780 1379 nam
798 1315 880 1379 haec
896 1316 968 1398 ipsa
984 1316 1145 1380 recusatio
1161 1317 1413 1398 disputationis¹
1441 1384 1444 1399 ,
1500 1366 1506 1380 r
1556 1389 1559 1401 ,

192 1414 373 1496 disputatio
389 1417 554 1497 quaedam
575 1418 636 1483 suit
657 1418 737 1481 mihi
757 1420 891 1502 quidem
910 1420 1122 1502 periucunda.
1169 1419 1237 1484 Sed
1259 1441 1317 1484 cur
1331 1422 1392 1484 im·
1423 1406 1604 1486 ,MN

192 1519 345 1599 pedimus
360 1519 569 1588 Antonium?
590 1524 681 1587 cuius
694 1524 795 1587 audio
807 1544 879 1586 esse
891 1524 1000 1605 partis,
1013 1533 1051 1588 ut
1067 1525 1110 1587 de
1121 1533 1192 1588 tota
1205 1525 1393 1607 eloquentia
1408 1502 1439 1627 rq
1513 1525 1520 1550 ‘
1541 1607 1545 1618 Ι
1585 1537 1590 1545 ·
1630 1561 1633 1568 ,

193 1622 340 1697 disserat,
358 1646 525 1707 quemque
543 1628 608 1690 iam
625 1627 751 1690 dudum
768 1636 800 1690 et
823 1626 923 1690 Cotta
944 1637 978 1690 et
999 1626 1163 1711 Sulpicius
1180 1629 1391 1711 exspectati’
1411 1630 1434 1729 y'
1475 1636 1480 1644 ’
1499 1629 1519 1645 '⁴
1537 1631 1541 1647 ⁸
1559 1631 1575 1645 ”

143 1737 178 1785 2⁷
193 1729 275 1809 ‘ego
290 1729 381 1792 vero’
397 1731 503 1812 inquit
521 1731 659 1796 Crassus
674 1735 799 1814 ‘neque
813 1730 1000 1795 Antonium
1012 1732 1149 1795 verbum
1164 1732 1270 1797 iacere
1285 1735 1407 1819 patiar!

138 1841 159 1910 [r
175 1857 184 1896 ῑ
198 1861 209 1886 t
224 1803 568 1915 k'nairlls‘edddso'dnksj
579 1859 626 1908 nisi
638 1858 706 1924 quod
717 1858 734 1907 b
745 1858 822 1907 habet
834 1875 880 1906 aon
892 1860 1037 1924 ignoramus,
1048 1858 1116 1923 quod
1129 1866 1218 1930 temere
1230 1859 1339 1925 adripuit
1351 1861 1390 1912 K:

566 1925 630 1974 miro
642 1925 718 1975 modo
730 1923 793 1989 Lag.
804 1924 836 1987 36
847 1926 1013 1974 volaterranus.

1574 1187 1579 1213 l

224 2044 246 2081 1.
263 2033 394 2080 Persium
402 2047 460 2081 non
472 2036 766 2090 aurolegere...1=ae-
816 2047 863 2081 ec.
875 2046 915 2096 91.
950 2034 1037 2082 Hence
1049 2043 1075 2080 ut
1090 2049 1208 2090 aoramus,
1222 2037 1265 2083 ‘as
1272 2051 1310 2085 we
1318 2034 1390 2085 knew

187 2099 260 2144 lium
267 2100 423 2146 Decumum
429 2100 504 2154 volo,
512 2099 644 2149 atrochaic
652 2106 766 2148 tetrame·
815 2097 884 2154 him:
896 2105 940 2148 not
951 2115 979 2147 as
990 2098 1067 2148 Sorof
1080 2099 1129 2147 and
1141 2100 1194 2147 Pid.
1209 2103 1251 2149 ‘as
1263 2116 1301 2150 we
1312 2100 1392 2150 learnt

188 2169 225 2212 ter
232 2163 368 2222 catalectic,
379 2163 500 2226 probably
509 2164 572 2212 from
580 2165 622 2214 the
632 2164 689 2213 zoth
697 2164 766 2213 book
814 2163 879 2212 srom
891 2163 1002 2213 othersz'
1031 2164 1134 2213 K'dhner
1141 2165 1210 2227 gives
1220 2166 1263 2215 the
1274 2166 1340 2230 right
1351 2183 1391 2216 ex·

189 2229 219 2278 ol
225 2228 268 2276 the
279 2227 372 2276 Satires
384 2228 413 2276 of
419 2226 537 2284 Lucilius,
547 2229 637 2290 which,
648 2246 676 2278 as
685 2231 765 2280 Lach·
815 2228 945 2292 planation
958 2229 1019 2278 ‘wie
1026 2230 1071 2278 wir
1079 2230 1122 2278 ihu
1129 2229 1253 2280 kannten!
1276 2232 1391 2297 Nothing

188 2309 264 2342 mann
276 2292 326 2341 and
333 2293 362 2341 L.
367 2293 473 2342 Mueller
484 2294 546 2343 have
557 2295 651 2348 shown.
658 2312 710 2344 was
721 2296 765 2345 the
815 2309 895 2344 seems
906 2302 933 2343 to
945 2296 976 2343 be
987 2295 1077 2343 known
1089 2295 1118 2343 oi
1126 2296 1245 2345 Decimus
1256 2297 1362 2347 Laelius,

189 2359 242 2407 first
250 2358 320 2408 oihis
327 2358 550 2423 publishedworks.
560 2361 615 2410 Plin
627 2362 686 2410 Nat.
696 2362 764 2410 Hist.
849 2374 871 2421 3.
889 2363 963 2409 nihil
987 2365 1024 2410 ad
1046 2363 1184 2421 Persium,
1213 2361 1335 2427 ‘nothing
1363 2371 1390 2413 to

189 2424 268 2474 Praei.
291 2430 303 2484 §
324 2434 346 2485 7,
361 2441 417 2487 says
436 2430 576 2488 ‘praeterea
591 2435 628 2476 est
642 2429 764 2492 quaedam
816 2425 912 2475 Persius
922 2427 942 2475 :’
954 2426 1058 2475 lorad=
1067 2427 1214 2490 ‘compared
1221 2427 1389 2491 with'=rpds:

189 2490 292 2555 publica
303 2490 379 2539 etiam
394 2491 546 2540 eruditorum
564 2493 672 2544 reiectio.
688 2494 766 2542 utitur
815 2506 854 2555 cp.
872 2492 903 2541 de
923 2492 983 2556 leg.
1003 2491 1020 2541 i.
1040 2506 1062 2542 a.
1083 2492 1099 2541 6
1118 2492 1193 2541 ‘nihil
1210 2493 1243 2542 ad
1260 2494 1392 2544 Caelium’

188 2555 475 2614 illaetM.Tulliusextra
483 2573 581 2608 omnem
586 2558 678 2623 ingenii
684 2559 764 2608 aleam
815 2557 896 2607 Plaut.
908 2558 976 2606 Trin.
990 2569 1019 2620 72
1023 2572 1036 2619 3
1050 2558 1140 2608 ‘credo
1152 2558 1184 2607 ad
1195 2560 1390 2610 summosbella-

189 2623 293 2686 positus,
305 2629 331 2672 et
342 2623 552 2687 (quodmiremur)
562 2640 606 2688 per
614 2625 764 2674 advocatum
814 2630 881 2672 tores
901 2639 982 2672 acrem
1002 2624 1135 2688 fugitorem
1155 2624 1239 2673 foret'
1263 2625 1318 2674 Liv.
1330 2627 1388 2677 xxii.

189 2688 342 2737 defenditur:
371 2689 448 2738 “Nec
465 2689 763 2739 doctissimis—Manium
816 2703 854 2737 aa.
869 2703 878 2737 1
884 2704 898 2752 5
912 2689 1021 2738 ‘homini
1037 2705 1086 2738 non
1104 2689 1137 2738 ad
1154 2697 1233 2738 cetera
1250 2691 1343 2740 Punica
1354 2693 1390 2740 in·

189 2753 300 2802 Persium
316 2754 378 2804 haec
394 2754 475 2819 legere
491 2755 559 2815 nolo,
579 2756 679 2805 lunium
698 2757 764 2806 Con·
814 2755 887 2818 genia
899 2755 992 2804 callido
1004 2755 1155 2820 persuasitz’
1173 2755 1280 2821 Madvig
1291 2773 1323 2806 on
1335 2757 1388 2808 Cic.

189 2836 249 2884 gum
272 2818 352 2870 volo.'‘
378 2820 446 2885 quod
468 2822 489 2870 si
510 2821 559 2870 hoc
580 2823 698 2882 Lucilius,
720 2823 763 2887 qui
812 2821 844 2869 de
856 2820 909 2869 Fin.
922 2821 957 2870 iii.
971 2821 1008 2871 16.
1021 2834 1061 2882 52.
1134 2831 1138 2839 '

188 2886 283 2949 primus
305 2886 417 2935 condidit
439 2887 492 2936 stili
513 2903 610 2944 nasum,
630 2888 763 2937 dicendum
847 2901 870 2948 4.
888 2890 912 2935 si
930 2890 1003 2935 iem:
1031 2903 1070 2951 cp.
1092 2892 1152 2936 note
1174 2902 1206 2935 on
1225 2887 1242 2937 i.
1263 2899 1303 2950 50.
1324 2889 1388 2946 2183

188 2952 236 2999 sibi
248 2953 353 3016 putavit,
366 2953 455 3002 Cicero
471 2954 641 3019 muniandtpn,
654 2970 763 3018 praeser-
812 2951 905 3002 Munro
921 2968 954 3002 on
971 2952 1069 3003 Lucret.
1084 2953 1192 3017 ppo&

188 3016 234 3066 tim
254 3033 311 3066 cum
328 3019 360 3066 de
376 3018 503 3081 republica
526 3020 650 3075 scriberet,
669 3027 762 3084 quanto
846 3018 869 3067 6.
886 3022 1065 3076 reprehendi,
1078 3017 1273 3082 ‘disapproved’
1306 3019 1341 3069 So
1352 3037 1388 3068 rr·

187 3098 233 3131 nos
241 3084 365 3133 causatius
373 3084 405 3132 ab
414 3083 498 3147 aliquo
507 3085 762 3135 iudicedelendimus.'
810 3085 934 3146 prekemor
945 3084 967 3134 is
978 3084 1038 3133 used
1049 3084 1088 3135 for
1100 3087 1146 3132 ‘an
1157 3084 1257 3134 adverse
1266 3083 1349 3134 critic’
1361 3086 1387 3135 in

186 3149 242 3199 'lhe
250 3164 399 3213 praenomen
408 3149 508 3198 Manius
517 3149 538 3198 is
544 3150 669 3215 evidently
674 3165 763 3214 wrong
813 3149 892 3200 Acad.
905 3149 930 3198 ii.
945 3161 973 3211 7:
990 3149 1064 3198 while
1075 3150 1216 3198 easdmator
1226 3150 1247 3200 is
1261 3165 1277 3198 a
1290 3150 1387 3200 favour·

186 3213 261 3265 here:
286 3214 328 3263 the
346 3230 418 3263 name
438 3215 468 3265 of
485 3215 581 3264 Persius
602 3232 654 3264 was
674 3215 762 3266 Gaius.
812 3214 870 3264 able
880 3231 909 3265 or
919 3215 1014 3264 neutral
1026 3215 1103 3265 critic.
1403 3277 1406 3285 1

187 3280 235 3328 Mr.
259 3280 351 3329 Mauro
368 3279 484 3344 (Journal
506 3280 535 3330 oi
552 3280 692 3345 Philology,
708 3281 760 3329 viii.
847 3290 868 3343 7.
886 3295 1005 3330 narasse
1026 3295 1149 3339 operam,
1173 3286 1214 3330 ‘to
1231 3281 1294 3331 have
1315 3289 1387 3346 spent

185 3345 621 3476 tii·'iil,¹¹t,it‘¹a:tltll
636 3347 761 3462 iiiiii
810 3346 1387 3477 iiiiilihtttttiltttlttiii‘t

109 3523 112 3532 ,
184 3492 255 3526 some
283 3478 355 3527 other
375 3493 462 3528 name:
490 3478 540 3527 and
566 3478 622 3528 that
644 3478 686 3528 the
713 3478 760 3527 iull
810 3478 878 3528 force
889 3478 969 3528 of‘to
980 3494 1050 3544 carry
1067 3485 1111 3527 out
1125 3477 1313 3543 successfullyz’
1330 3495 1351 3529 e.
1360 3496 1385 3544 g.

184 3544 322 3607 quotation,
346 3559 374 3592 as
394 3543 414 3591 it
436 3544 561 3607 appeared
583 3545 607 3594 in
626 3544 668 3594 the
686 3544 759 3608 (lost)
810 3543 871 3594 Tac.
884 3543 953 3594 Hist.
965 3543 1000 3593 iii.
1014 3559 1043 3606 ²5
1060 3544 1296 3594 ‘bellumnavarer’
1315 3546 1383 3598 Brut.

184 3607 293 3673 opening
304 3609 333 3658 of
342 3609 450 3659 Cicero's
461 3609 492 3659 de
503 3609 642 3674 Republica
657 3626 710 3660 was
810 3609 851 3659 81.
865 3611 911 3658 282
928 3611 985 3675 ‘qui
1002 3611 1060 3674 quia
1076 3616 1179 3658 navarat
1196 3610 1267 3658 miles
1284 3625 1385 3674 operam

185 3675 256 3724 ‘Nec
278 3674 429 3724 doctissimis
456 3676 588 3724 scribuntur
613 3677 668 3724 laec
689 3692 760 3740 usque
809 3674 960 3738 imperatori,
982 3675 1156 3738 imperatorem
1178 3690 1204 3724 se
1224 3676 1310 3723 statim
1332 3691 1385 3726 esse

249 3741 427 3789 indoctissimis.-
809 3741 943 3804 cupiebat!
960 3739 1113 3805 So‘operam
1121 3739 1271 3804 reipublicae
1279 3743 1385 3798 navare,'

184 3803 293 3855 Persium
309 3822 359 3856 non
373 3821 433 3855 curo
447 3805 535 3870 legere,
549 3805 663 3856 Laelium
676 3807 760 3857 Decu-
809 3812 853 3856 ‘to
864 3807 896 3856 be
906 3805 937 3855 ol
941 3806 1010 3870 good
1021 3806 1111 3856 service
1123 3812 1150 3854 to
1162 3806 1204 3855 the
1215 3805 1294 3856 state?

842 3871 865 3919 8.
883 3877 959 3929 qnod
982 3876 1038 3922 huo
1060 3875 1197 3931 venerim,
1220 3872 1261 3921 ‘in
1284 3871 1385 3938 coming

645 3937 757 3988 Manium
808 3937 881 3986 here!
899 3938 981 4000 Roby,
995 3943 1007 3998 ς
1023 3948 1093 4001 1740.

182 4000 314 4067 [Persium]
333 4001 396 4052 haec
412 4017 456 4066 ego
473 4002 555 4068 legere
571 4002 638 4064 nolo,
657 4003 756 4053 Iunium
840 4007 990 4062 recusatio,
1019 4011 1064 4052 not
1095 4003 1163 4068 quite
1179 4019 1219 4053 ·so
1241 4009 1328 4068 strong
1355 4020 1384 4054 as

246 4069 361 4132 Congum
372 4068 448 4117 volo?
807 4068 943 4118 ‘refusalr'
967 4085 1071 4118 reamare
1087 4068 1109 4118 is
1126 4076 1154 4119 to
1171 4070 1253 4133 object
1273 4078 1300 4119 to
1317 4071 1351 4119 do
1366 4086 1383 4120 a

180 4131 227 4183 See
237 4139 295 4183 note
307 4151 339 4184 on
352 4134 368 4184 i.
381 4133 421 4183 60.
435 4133 490 4194 256.
807 4134 885 4198 thing,
903 4134 984 4184 rather
1000 4135 1061 4184 than
1077 4141 1104 4184 to
1119 4134 1212 4192 reluse:
1230 4139 1343 4185 recusatio
1361 4135 1382 4186 is

212 4200 243 4251 C.
253 4200 352 4250 Persius
370 4201 391 4248 is
407 4200 503 4265 spoken
520 4200 550 4250 ol
562 4200 597 4265 by
613 4200 666 4251 Cic.
685 4201 754 4252 Brut.
807 4201 1036 4265 originallyalegal
1047 4206 1117 4259 term,
1128 4201 1202 4265 being
1211 4201 1253 4251 the
1262 4201 1382 4264 rejoinder

180 4263 219 4313 26.
229 4280 296 4331 99as
308 4266 445 4316 ‘litteratus
456 4266 755 4330 h0m0,quenlsignificat
797 4281 839 4334 :pn
856 4282 871 4315 a
883 4269 974 4330 petitio,
991 4266 1039 4316 and
1055 4283 1113 4330 may
1127 4266 1158 4314 be
1175 4267 1292 4316 rendered
1310 4271 1381 4331 ‘pro-

177 4330 251 4380 valde
273 4332 375 4381 doctum
397 4347 449 4382 esse
472 4332 598 4382 Lucilius!
640 4333 681 4381 He
703 4349 755 4383 was
805 4332 870 4382 test.'
915 4332 962 4397 Cp.
983 4349 1008 4397 p.
1029 4332 1270 4383 Caec28.81‘tu
1286 4347 1327 4382 me
1347 4332 1381 4380 ad

195 4403 295 4447 naestor
311 4397 336 4446 in
352 4411 399 4448 rac.
421 4397 467 4461 146
485 4399 512 4460 (a
528 4398 586 4446 date
597 4397 680 4447 which
697 4415 755 4448 con·
804 4398 1006 4454 verbumvocasr
1022 4414 1072 4448 non
1084 4397 1248 4447 anteveniam
1259 4413 1334 4460 quam
1346 4413 1381 4446 re·

178 4411 306 4512 lrmsnrr.
319 4461 505 4514 Munro'sview
515 4463 570 4513 that
582 4463 754 4514 Luciliuswse
805 4461 907 4520 cnsaro,'
927 4463 989 4514 with
1009 4463 1051 4513 the
1071 4463 1203 4514 references
1221 4464 1247 4513 in
1266 4462 1380 4527 Jordan’s

177 4535 223 4577 not
243 4528 306 4578 born
329 4529 355 4576 in
373 4542 417 4579 ao.
438 4529 492 4593 148,
509 4530 555 4578 but
573 4533 664 4591 twenty
684 4545 755 4594 years
804 4537 871 4580 note.

178 4592 285 4658 earlier),
298 4593 348 4644 and
358 4594 443 4645 would
459 4593 585 4659 naturally
601 4595 632 4646 be
645 4595 710 4644 dead
721 4596 756 4660 by
841 4609 878 4647 11.
890 4598 1047 4655 ennoean:
1060 4592 1124 4662 cpi.
1135 4591 1176 4646 62.
1188 4592 1249 4645 262:
1266 4593 1379 4660 Madvig,
