3310 5040
1252 446 1255 454 ’
1325 448 1388 520 245

188 641 243 684 me
259 641 393 704 quoque
408 620 469 685 sibi
486 621 679 704 magistrum
694 622 850 686 futurum.
894 622 963 685 Vix
981 643 1085 687 annus
1103 621 1330 690 intercesserat
1345 627 1388 689 ab

188 725 253 790 hoc
264 748 416 791 sermone
428 726 664 791 cohortationis
677 748 779 807 meae,
791 749 867 792 cum
879 729 942 791 iste
954 728 1119 792 accusavit
1132 727 1170 792 C.
1183 729 1387 806 Norbanum,

189 831 389 895 defendente
413 852 485 895 me:
509 852 575 894 non
599 841 650 895 est
669 830 825 895 credibile
840 833 919 913 quid
940 833 1098 895 interesse
1118 832 1198 894 mihi
1218 835 1260 896 sit
1280 836 1388 898 visum

189 935 276 999 inter
291 957 378 1012 eum,
395 938 451 1018 qui
467 945 539 999 tum
555 944 624 999 erat
640 945 674 999 et
690 935 746 1016 qui
761 956 849 998 anno
860 945 939 998 ante
950 935 1065 1000 iuerat.
1098 935 1243 1000 Omnino
1259 939 1292 1000 in
1308 938 1389 1002 illud

190 1060 295 1122 genus
326 1061 402 1136 eum
431 1039 539 1104 Crassi
567 1038 779 1122 magnificum
810 1048 911 1121 atque
940 1039 1144 1121 praeclarum
1175 1050 1291 1133 natura
1317 1045 1417 1124 ipsas

191 1145 344 1222 ducebat,
360 1146 418 1209 sed
440 1165 478 1207 ea
499 1164 565 1207 non
588 1146 667 1207 satis
688 1143 846 1238 proficere
866 1144 1036 1225 potuisset,
1058 1144 1119 1207 nisi
1141 1131 1390 1240 eodemjstudio

191 1256 293 1330 atque
315 1249 499 1311 imitatione
517 1248 712 1311 intendisset
732 1249 899 1354 Qita
918 1247 1027 1311 dicere
1047 1259 1245 1328 consuesset,
1261 1260 1298 1313 ut
1318 1259 1391 1315 tota

128 1345 178 1412 22
193 1362 305 1416 mente
334 1352 489 1417 Crassum
515 1361 616 1434 atque
645 1351 736 1414 omni
760 1351 870 1414 animo
896 1353 1086 1415 intueretur.
1143 1352 1233 1435 Ergo
1259 1352 1323 1418 hoc
1347 1356 1391 1418 sit

140 1434 335 1539 ⁹⁰primum
362 1457 396 1518 in
426 1457 610 1538 praeceptis
640 1456 729 1533 meis,
757 1463 794 1516 ut
820 1431 1092 1533 demonsiiemus,
1119 1475 1218 1536 quem
1244 1457 1393 1522 imitetur

192 1557 309 1648 [atque
332 1561 386 1638 ita,
408 1569 453 1634 ut,
477 1581 563 1642 quae
586 1560 733 1622 maxime
758 1556 923 1622 excellent
946 1558 980 1621 in
1004 1579 1052 1636 eo,
1075 1579 1175 1640 quem
1199 1560 1389 1640 imitabitur,
1405 1577 1437 1611 1⁰

191 1685 230 1728 ea
262 1664 511 1746 diligentissime
540 1657 791 1748 persequatur];
822 1670 894 1725 tum
925 1662 1061 1726 accedat
1091 1663 1292 1741 exercitatio,
1325 1686 1391 1747 qua

190 1769 293 1844 illum,
309 1789 409 1852 quem
430 1768 599 1851 delegerit,
619 1767 780 1831 imitando
801 1767 936 1856 effingat
956 1775 1057 1855 atque
1075 1769 1250 1852 exprimat,
1265 1790 1331 1832 non
1352 1779 1390 1833 ut
1456 1851 1462 1863 .
1490 1785 1516 1833 ι’
1554 1759 1560 1783 '
1579 1813 1629 1849 ,.,.,

190 1874 316 1960 multos
339 1874 530 1972 imitatores
545 1893 645 1955 saepe
668 1871 816 1953 cognovi,
832 1871 889 1952 qui
912 1879 970 1934 aut
992 1891 1039 1948 ea,
1062 1890 1147 1951 quae
1170 1871 1278 1936 facilia
1301 1882 1388 1949 sunt,
1433 1871 1535 1969 syri*

212 1953 295 1980 Ὢ

191 1989 250 2041 aut
280 1980 380 2042 etiam
411 1978 475 2056 illa,
505 1998 592 2060 quae
625 1977 766 2059 insignia
795 1994 833 2038 ac
869 1995 973 2072 pggnf
1002 1975 1128 2052 VltiOSssa
1159 1985 1391 2040 COsssectasstUs
1423 1961 1536 2092 last..

99 2083 371 2190 =fflmitand02
396 2082 477 2146 nihil
500 2090 550 2145 est
573 2080 708 2158 facilius
728 2100 829 2162 quam
852 2073 1010 2142 amictum
1034 2079 1153 2142 imitari
1175 2078 1311 2143 alicuius
1332 2090 1390 2145 aut
1406 2095 1435 2146 Ι5
1456 2073 1531 2165 (μ’
1554 2052 1619 2078 Μ

75 2215 79 2224 ’
110 2193 127 2209 “’
191 2197 317 2253 statum
339 2197 397 2252 aut
420 2197 568 2262 motum;
592 2185 619 2248 si
637 2204 714 2247 vero
738 2185 838 2246 etiam
856 2182 965 2245 vitiosi
983 2180 1107 2263 aliquid
1129 2190 1188 2257 est,
1205 2183 1238 2246 id
1261 2204 1391 2248 sumere
1438 2181 1454 2258 .',
1502 2207 1522 2226 ··
1540 2185 1574 2229 ''t'

93 2299 94 2304 ’
191 2293 283 2357 etin
310 2313 349 2355 eo
376 2290 590 2354 ambitiosum
615 2308 687 2351 esse
714 2307 779 2350 non
807 2306 965 2367 magnum
992 2294 1051 2361 est,
1074 2294 1110 2350 ut
1136 2286 1200 2365 ille,
1223 2289 1279 2369 qui
1304 2309 1390 2352 nunc

193 2399 304 2469 etiam,
321 2396 442 2460 amissa
456 2414 549 2470 voce,
564 2392 643 2456 iurit
662 2392 696 2455 in
716 2413 750 2455 re
769 2391 909 2473 publica,
925 2390 1046 2466 Fufius,
1064 2411 1180 2454 nervos
1201 2393 1234 2454 in
1250 2392 1397 2456 dicendo

663 2491 685 2516 θ’

210 2590 248 2627 12.
266 2593 313 2626 non
323 2585 350 2624 ut
360 2575 443 2624 multos
455 2609 480 2625 ..
494 2610 499 2623 .
510 2481 674 2637 peiieiiriiulf:
691 2571 779 2622 desunt
790 2571 816 2620 in
827 2571 908 2634 ABby
919 2577 966 2621 etc.
1018 2579 1055 2633 17.
1072 2571 1217 2620 ambitiosum
1228 2549 1374 2623 Lachmann

548 2640 666 2702 (Lucret,
678 2654 703 2703 p.
717 2640 775 2701 30);
792 2653 852 2686 mox
862 2638 929 2688 idern
937 2638 1052 2701 probabit.

226 2802 248 2838 a.
266 2789 295 2836 0.
308 2788 491 2835 Norbanum:
506 2782 602 2832 Introd.
614 2798 640 2846 p.
655 2795 693 2844 14.
819 2780 869 2828 less
883 2780 912 2829 of
925 2780 968 2830 the
983 2780 1113 2846 figurative
1126 2781 1200 2833 force.
1234 2781 1282 2858 Cp.
1292 2781 1336 2832 Or.
1347 2781 1364 2833 i.
1377 2796 1392 2846 3

225 2871 248 2917 4.
265 2856 339 2902 illud
357 2866 446 2910 genus
465 2852 567 2908 massi,
586 2847 646 2898 ‘the
662 2846 726 2910 style
743 2845 772 2896 of
820 2846 862 2894 ‘Si
878 2863 935 2895 eum
950 2854 1076 2897 oratorem
1092 2864 1165 2913 quern
1184 2863 1280 2912 quaeris
1297 2865 1394 2912 expres·

191 2921 310 2972 Crassus!
819 2927 874 2961 sero
883 2912 904 2961 :¹
922 2922 1028 2973 expressa
1042 2913 1073 2961 os
1084 2915 1177 2977 precise
1194 2913 1360 2963 resemblance
1371 2914 1394 2964 is

225 2999 248 3048 5.
267 3001 332 3036 eum
353 2983 376 3032 is
402 2980 496 3046 outtoi
513 2981 546 3029 its
568 2975 667 3028 natural
689 2974 768 3041 place,
819 2977 888 3027 often
900 2979 1011 3042 opposed
1026 2987 1055 3027 to
1067 2981 1214 3027 adumbrata.
1246 2979 1293 3042 Cp.
1307 2980 1394 3028 Madv.

190 3051 266 3116 being
276 3049 400 3101 attracted
412 3046 521 3096 towards
532 3044 574 3094 the
584 3045 654 3094 iliud.
819 3057 852 3090 on
869 3042 900 3090 de
912 3043 966 3091 Fin.
978 3059 1002 3090 v.
1016 3056 1054 3091 η.
1068 3042 1108 3091 62.
1142 3043 1243 3105 Strictly
1253 3046 1398 3104 aduam

224 3118 249 3168 6.
266 3133 313 3167 aa:
331 3114 426 3164 abl.sc.
438 3107 556 3160 ‘natura'
820 3107 922 3156 denotes
943 3107 1075 3172 sketching
1097 3108 1123 3156 in
1145 3109 1246 3168 outline,
1267 3111 1394 3170 exprimere

226 3175 514 3233 eodam=‘ineundem
523 3170 657 3226 Crassum!
685 3171 767 3237 Roby,
819 3169 910 3236 plastis
920 3172 1065 3236 modelling.
1277 3181 1299 3192 ⁸
1313 3171 1386 3189 '‘⁸¹''

192 3254 260 3310 §111
284 3285 288 3294 ,
854 3250 892 3300 15.
910 3241 1049 3300 amictum,
1063 3239 1111 3290 i.e.
1124 3238 1167 3288 the
1178 3239 1393 3302 wayinwhicha

184 3265 451 3376 ‘t'y‘ffbnendiesetz
478 3308 518 3357 lor
537 3305 588 3355 this
614 3303 768 3354 intransitive
819 3318 878 3352 man
888 3320 955 3353 wore
966 3304 1006 3354 his
1017 3311 1093 3370 toga:
1111 3305 1209 3355 Roman
1221 3307 1393 3357 oratorsoften

191 3379 361 3431 construction
384 3393 423 3441 cp.
444 3375 461 3426 i.
480 3387 518 3438 30.
541 3385 604 3435 1355
620 3370 659 3422 for
675 3373 768 3420 intueor
819 3369 880 3434 paid
893 3371 934 3420 the
947 3378 1054 3434 greatest
1071 3372 1193 3422 attention
1210 3378 1238 3420 to
1253 3372 1296 3421 the
1309 3389 1393 3436 grace·

190 3446 253 3496 with
265 3461 316 3496 acc.
328 3461 366 3508 cp.
379 3445 395 3493 i.
410 3457 432 3493 a.
445 3440 469 3491 6.
817 3435 854 3484 iul
865 3444 1038 3500 arrangement
1050 3437 1080 3487 of
1083 3437 1115 3488 its
1126 3437 1199 3488 folda.
1233 3438 1279 3502 Cp.
1288 3438 1393 3502 Quintil.

225 3527 263 3560 co.
273 3513 369 3561 22-23.
379 3504 768 3574 ThefirstruleAntoniusgiuesi‘s
817 3502 850 3552 xi.
863 3517 885 3564 3.
900 3516 954 3565 131,
970 3502 1049 3566 137il.

186 3579 234 3638 sor
243 3580 280 3626 tle
291 3577 379 3637 caresui
391 3575 504 3624 imitation
513 3573 606 3632 ofsome
616 3573 681 3636 good
691 3570 768 3618 model
855 3581 893 3630 17.
911 3572 1101 3624 ambitiosum,
1128 3567 1170 3617 the
1196 3568 1337 3630 conjecture
1367 3570 1398 3619 of

192 3645 220 3704 by
236 3659 312 3691 nuans
329 3644 357 3703 of
369 3651 473 3689 constant
486 3639 586 3702 pectre
604 3640 646 3700 (ξς
659 3649 699 3701 91,
712 3637 766 3698 92),
819 3633 965 3682 Lachmann
986 3634 1025 3683 ior
1052 3634 1159 3681 vitiosum
1182 3633 1212 3682 oi
1230 3633 1273 3682 the
1294 3633 1395 3684 inferior

193 3709 267 3758 wirici
282 3710 347 3756 leuds
363 3718 385 3755 to
402 3723 417 3754 a
433 3705 562 3771 digression
577 3719 608 3750 on
621 3703 658 3751 tlte
673 3704 768 3749 variam
819 3699 891 3750 MSS.
911 3698 966 3761 (the
988 3697 1060 3747 codd.
1084 3697 1166 3745 mutili
1189 3699 1252 3747 omit
1281 3713 1339 3747 non
1360 3707 1394 3749 ut

193 3776 281 3823 selonts
303 3776 334 3834 of
347 3782 441 3832 oratory
463 3773 487 3819 in
509 3771 593 3818 Greeee
613 3767 767 3830 (ΜΖ-95).
819 3768 938 3814 multos.
952 3801 958 3814 .
971 3800 977 3813 .
988 3765 1193 3824 persequatur).
1211 3763 1279 3813 live
1287 3779 1395 3828 suppose

194 3841 231 3894 He
243 3843 301 3889 adds
314 3839 351 3886 tlte
362 3839 442 3886 advice
457 3836 507 3885 tleut
518 3835 562 3883 this
570 3834 671 3896 practice
682 3833 769 3878 should
819 3829 861 3878 the
872 3829 977 3894 genuine
988 3829 1058 3878 word
1071 3839 1098 3878 to
1110 3829 1172 3878 have
1184 3829 1245 3878 been
1254 3831 1393 3894 corrupted.

193 3907 221 3954 be
234 3907 362 3954 conducted
379 3902 471 3966 largely
490 3901 516 3960 ty
533 3915 611 3948 means
630 3898 661 3958 of
670 3897 768 3961 uriting
819 3895 870 3944 this
881 3895 1022 3958 conjecture
1032 3895 1241 3960 isaveryhappy
1250 3911 1304 3946 one.
1339 3897 1395 3946 The

194 3971 237 4034 (ξς
246 3971 286 4035 96,
295 3972 339 4035 97)
349 3988 355 4025 ς
373 3970 424 4016 and
438 3966 542 4032 percipies
559 3964 594 4013 leis
607 3964 715 4026 previous
732 3977 768 4010 re·
819 3962 880 4023 only
886 3962 998 4026 question
1008 3961 1146 4010 iswhether
1157 3962 1199 4010 the
1209 3961 1315 4026 original
1324 3963 1394 4012 word

194 4036 272 4084 marles
283 4037 310 4096 by
321 4036 425 4098 noticing
435 4033 485 4080 tlrat
495 4047 556 4079 some
566 4046 617 4078 men
628 4031 659 4090 os
663 4028 768 4093 original
819 4042 876 4090 may
885 4034 931 4076 not
947 4027 1011 4076 have
1027 4027 1089 4078 been
1105 4026 1200 4092 wholly
1216 4029 1273 4089 lost,
1290 4029 1333 4078 the
1350 4045 1394 4092 eye

190 4112 279 4164 powers
290 4118 333 4149 can
351 4101 453 4162 dispensa
469 4098 524 4146 with
540 4095 576 4146 tiu
589 4095 702 4145 incitatior
717 4095 745 4157 eff
752 4109 768 4142 a
819 4093 848 4142 oi
860 4092 902 4142 the
920 4093 1018 4158 copyist
1032 4093 1126 4159 having
1142 4093 1217 4143 fallen
1233 4110 1301 4158 upon
1318 4096 1394 4143 vitiosi

193 4168 305 4228 model&
318 4166 371 4231 98),
819 4159 855 4223 by
873 4159 993 4210 accident.
1027 4159 1106 4210 Adler
1139 4159 1294 4224 ingeniously
1321 4159 1394 4210 reads

228 4247 267 4284 10.
280 4234 377 4298 [atqua
390 4269 396 4281 .
410 4268 417 4281 .
432 4225 653 4341 peramarunt
671 4225 769 4289 Kayser
818 4227 875 4274 uitio
897 4226 995 4274 similem
1017 4242 1076 4276 esse:
1102 4227 1134 4275 in
1155 4241 1189 4276 eo
1212 4229 1394 4275 ambitiosum

192 4299 243 4348 and
265 4298 342 4348 Sorof
365 4296 430 4348 aiter
449 4295 555 4346 Schuetz
573 4294 634 4344 brac
652 4298 677 4342 et
699 4292 769 4342 these
819 4306 889 4349 asse,
901 4297 941 4340 ‘to
952 4290 1037 4356 plume
1048 4291 1147 4341 onesell
1155 4307 1221 4355 upon
1234 4291 1298 4340 this’

192 4365 284 4425 words,
308 4381 336 4414 as
363 4360 506 4426 manifestly
532 4359 623 4410 foisted
650 4360 676 4408 in
703 4357 769 4408 from
855 4359 893 4407 18.
911 4360 1010 4406 Fufius
1022 4356 1169 4421 prosecuted
1182 4357 1225 4406 Μ’.
1236 4357 1354 4419 Aquilius
1365 4357 1394 4403 de

195 4434 209 4490 5
221 4446 262 4496 92.
820 4425 885 4472 rebus
896 4425 1024 4485 repetundis
1036 4422 1098 4472 alter
1109 4422 1148 4471 his
1158 4421 1357 4471 administratiou
1367 4421 1398 4471 oi

230 4510 268 4544 12.
285 4499 398 4553 effingat
421 4500 505 4552 atqua
528 4493 676 4550 exprimat,
698 4491 770 4552 ‘may
820 4488 905 4553 Sicily,
917 4487 1000 4537 where
1010 4486 1042 4537 he
1053 4487 1103 4536 had
1114 4493 1158 4551 put
1170 4485 1243 4535 down
1255 4486 1298 4534 the
1306 4487 1394 4536 servile

193 4561 331 4626 reproduce
343 4559 466 4624 exactly:’
484 4557 510 4608 iu
521 4558 561 4607 διὰ
572 4557 647 4613 δυοῖν,
655 4556 770 4618 exprimat
821 4570 880 4611 war,
891 4565 937 4604 no.
949 4555 990 4618 98.
1008 4553 1061 4603 Cic.
1074 4552 1105 4602 de
1113 4551 1161 4601 Oli.
1173 4550 1199 4600 ii.
1210 4565 1248 4614 14.
1263 4564 1302 4614 50,
1309 4552 1393 4616 places

194 4627 278 4691 being,
297 4643 324 4676 as
340 4626 419 4683 usual,
435 4625 477 4675 the
493 4624 563 4674 word
579 4621 661 4674 which
678 4619 770 4670 retains
821 4619 871 4669 this
894 4635 986 4684 among
1008 4619 1047 4667 his
1069 4618 1191 4684 instances
1214 4617 1243 4667 of
1258 4617 1394 4681 justifiable

1601 2163 1612 2192 f
