3286 5036
560 440 631 506 ns
656 439 891 508 canrosa
913 440 965 506 rr.
1301 443 1361 529 361

161 629 289 714 scripsit
307 626 344 696 C.
362 631 508 708 Laelius,
523 633 576 697 vel
593 642 630 697 ut
646 642 778 698 nosmet
799 631 862 716 ipsi
883 632 1022 698 ornandi
1045 652 1144 698 causa
1163 631 1364 700 Graecorum

162 755 262 813 more,
286 735 314 798 si
344 757 428 818 quos
453 735 603 814 velimus,
628 735 764 801 laudare
788 737 962 820 possimus,
989 738 1033 801 sit
1060 759 1080 801 a
1104 737 1199 802 nobis
1230 757 1369 820 quoque

94 853 147 898 342
161 848 322 903 tractatus
348 838 402 904 hic
425 838 525 904 locus.
571 840 782 922 Perspicuum
805 850 856 904 est
876 840 977 923 igitur
999 840 1063 904 alia
1087 861 1158 904 esse
1180 841 1214 904 in
1229 840 1365 906 homine

162 943 318 1025 optanda,
333 942 399 1008 alia
414 942 581 1008 laudanda
597 966 604 1004 :
627 964 741 1026 genus,
751 944 865 1019 forma,
877 945 973 1020 vires,
986 963 1074 1026 opes,
1092 944 1225 1010 divitiae
1240 954 1366 1009 cetera·

162 1068 236 1128 que,
253 1068 338 1129 quae
353 1048 484 1112 fortuna
498 1049 558 1112 dat
577 1058 636 1112 aut
654 1048 860 1112 extrinsecus
878 1057 936 1112 aut
957 1049 1093 1130 corpori,
1108 1068 1175 1112 non
1189 1048 1314 1112 habent
1330 1048 1362 1111 in
1378 1060 1391 1110 5

162 1172 197 1214 se
219 1171 332 1215 veram
354 1150 496 1230 laudem,
519 1173 605 1234 quae
628 1152 740 1224 deberi
763 1152 875 1215 virtuti
899 1151 955 1214 uni
978 1160 1135 1234 putatur3
1165 1153 1223 1215 sed
1242 1161 1364 1229 tamen,

84 1241 88 1260 ’
161 1254 252 1335 quod
274 1254 346 1337 ipsa
367 1255 470 1318 virtus
492 1257 526 1318 in
550 1275 663 1320 earum
689 1275 796 1318 rerum
820 1275 881 1318 usu
902 1274 943 1318 ac
968 1253 1193 1319 moderatione
1217 1256 1364 1319 maxime

160 1359 309 1436 cernitur,
332 1361 505 1423 tractanda
526 1359 560 1422 in
582 1358 828 1423 laudationibus
852 1358 952 1422 etiam
975 1359 1057 1422 haec
1079 1367 1157 1421 sunt
1177 1368 1314 1423 naturae
1330 1368 1364 1422 et

160 1461 311 1526 fortunae
333 1462 428 1536 bona,
453 1463 486 1526 in
512 1464 632 1544 quibus
656 1472 707 1526 est
735 1481 867 1526 summa
893 1461 966 1524 laus
989 1482 1055 1525 non
1083 1461 1243 1525 extulisse
1267 1484 1303 1526 se
1329 1463 1362 1524 in

160 1575 335 1647 potestate,
359 1585 425 1629 non
448 1566 547 1630 fuisse
573 1566 772 1630 insolentem
795 1567 829 1628 in
853 1565 1001 1648 pecunia,
1023 1585 1089 1628 non
1112 1586 1148 1628 33
1171 1565 1363 1647 praetulisse
1379 1583 1410 1618 10

160 1667 233 1731 aliis
248 1678 383 1752 propter
400 1670 639 1734 abundantiam
657 1669 817 1744 fortunae,
833 1678 871 1732 ut
889 1665 970 1750 opes
992 1677 1024 1730 et
1039 1667 1153 1750 copiae
1169 1687 1235 1731 non
1251 1683 1363 1750 super-

160 1772 235 1836 biae
250 1773 422 1836 videantur
435 1793 474 1836 ac
490 1772 628 1848 libidini,
644 1774 703 1837 sed
719 1772 862 1837 bonitati
878 1792 917 1835 ac
936 1771 1155 1835 moderationi
1170 1771 1362 1836 facultatem

93 1894 146 1940 343
162 1885 195 1939 31
217 1876 560 1954 1031311330νάεά1333;
582 1877 686 1940 virtus
708 1884 830 1950 autem,
855 1895 941 1956 quae
963 1883 1014 1938 est
1035 1894 1094 1956 per
1109 1895 1145 1938 se
1160 1875 1232 1956 ipsa
1247 1873 1362 1938 lauda·

161 1978 235 2042 bilis
258 1988 291 2043 et
314 1981 383 2043 sine
405 2000 471 2061 qua
494 1978 575 2042 nihil
598 1978 724 2043 laudari
745 1986 864 2061 potest,
886 1987 999 2042 tamen
1014 1977 1117 2042 habet
1131 1978 1234 2060 pluris
1249 1977 1361 2060 partis,

161 2101 301 2164 quarum
322 2083 387 2147 alia
411 2092 461 2147 est
486 2081 553 2146 alia
582 2083 626 2146 ad
655 2081 880 2146 laudationem
909 2081 1019 2162 aptior
1028 2105 1039 2158 ·;
1065 2090 1142 2144 sunt
1165 2081 1253 2144 enim
1278 2081 1362 2145 aliae
1380 2102 1409 2155 15

160 2187 306 2263 virtutes,
322 2206 408 2268 quae
423 2186 576 2249 videntur
591 2186 624 2248 in
640 2183 973 2260 moribushominum
995 2185 1029 2248 et
1045 2184 1190 2265 quadam
1204 2186 1363 2249 comitate

159 2309 198 2352 ac
221 2289 439 2354 beneficentia
460 2289 610 2372 positae3
634 2289 728 2366 aliae,
755 2310 841 2371 quae
867 2289 900 2350 in
925 2287 1047 2369 ingenii
1070 2287 1183 2369 aliqua
1205 2287 1363 2354 facultate

159 2402 218 2456 aut
232 2393 333 2457 animi
349 2392 579 2475 magnitudine
594 2413 632 2456 ac
649 2392 765 2456 robore
779 2416 787 2469 3
810 2412 888 2455 nam
904 2390 1087 2470 clementia,
1104 2392 1235 2469 iustitia,
1249 2392 1362 2475 benig-

161 2497 258 2571 nitaS,
274 2495 366 2571 fides,
382 2495 541 2572 fortitudo
558 2496 591 2558 in
606 2496 759 2578 periculis
774 2496 1006 2560 communibus
1024 2495 1168 2559 iucunda
1183 2505 1233 2559 est
1247 2496 1362 2559 auditu

92 2600 194 2662 34413
210 2599 473 2678 laudationibus;
497 2620 613 2663 omnes
628 2599 717 2663 enim
732 2599 795 2662 hae
809 2599 949 2664 virtutes
965 2608 1116 2661 nontam
1133 2598 1220 2681 ipsis,
1234 2598 1290 2680 qui
1307 2619 1363 2662 eas
1378 2628 1408 2662 20

160 2703 294 2780 habent,
310 2722 411 2784 quam
425 2702 538 2784 generi
554 2701 724 2765 hominum
740 2701 925 2765 fructuosae
940 2710 1109 2783 putantur.
1144 2701 1315 2784 Sapientia
1330 2711 1364 2766 et

162 2807 356 2890 magnitudo
379 2806 489 2885 animi,
507 2826 574 2887 qua
593 2823 709 2870 omnes
728 2826 779 2869 res
799 2804 1103 2869 humanae·tenues
1122 2825 1162 2870 ac
1182 2826 1243 2888 pro
1261 2805 1364 2869 nihilo

417 2941 439 2978 1.
458 2929 496 2977 vel
507 2938 533 2976 31
545 2967 551 2979 .
565 2963 571 2975 .
583 2964 589 2977 .
598 2929 713 2991 possimus
725 2909 771 2980 PS.
813 2929 876 2977 velut
889 2963 896 2977 .
908 2964 914 2978 .
928 2962 934 2976 .
941 2938 1062 2991 possumus
1073 2929 1107 2978 K.

162 3030 275 3078 intimate
285 3025 362 3076 friend
376 3027 408 3076 01
416 3025 502 3091 Scipio
513 3027 597 3076 would
608 3026 734 3090 naturally
792 3024 842 3076 and
854 3025 931 3075 Sorof
945 3031 992 3090 put
1007 3041 1023 3075 a
1039 3025 1114 3076 colon
1127 3027 1190 3076 after
1203 3027 1264 3088 laus,
1282 3028 1364 3078 which

162 3096 193 3144 be
204 3094 246 3143 the
258 3094 312 3142 best
322 3092 392 3142 fitted
404 3099 430 3142 to
441 3093 511 3140 write
522 3091 561 3140 his
573 3093 644 3154 e'loge.
678 3092 734 3140 The

161 3159 245 3210 Schol.
264 3158 326 3208 Bob.
343 3174 375 3207 on
389 3167 436 3220 pro
455 3158 547 3206 Milone
559 3167 581 3220 7.
600 3171 612 3205 2
630 3157 700 3222 gives
716 3174 731 3206 a

161 3225 273 3274 different
290 3228 476 3288 story:.‘super
490 3221 602 3272 Africani
618 3222 734 3270 laudibus

791 3091 929 3156 needlessly
941 3093 1056 3141 obscures
1068 3091 1110 3140 the
1121 3094 1296 3143 construction.

821 3169 859 3206 11.
871 3159 1075 3206 abundantiam
1082 3160 1212 3207 fortunae
1222 3175 1227 3206 :
1240 3159 1290 3208 this
1296 3173 1365 3208 sums

791 3236 826 3285 up
854 3222 904 3282 and
919 3222 1078 3286 ‘generalises
1106 3222 1148 3272 the
1179 3224 1313 3288 preceding
1340 3226 1365 3272 in

162 3296 230 3339 extat
243 3289 324 3338 oratio
335 3290 365 3338 C.
377 3289 458 3337 Laelii
469 3287 601 3351 Sapientia,
615 3304 664 3352 qua
675 3303 734 3336 usus
788 3296 899 3349 potestate
911 3289 960 3336 and
971 3289 996 3334 in
1004 3289 1110 3350 pecunia,
1124 3296 1150 3336 to
1159 3288 1241 3338 which
1252 3300 1304 3352 opes
1315 3290 1364 3338 and

161 3355 259 3405 videtur
287 3355 318 3417 Q.
342 3354 435 3402 Fabius
463 3353 588 3401 Maximus
619 3353 735 3416 [another

160 3420 267 3484 nephew
284 3419 313 3468 of
327 3418 424 3484 Scipio]
443 3418 469 3466 in
483 3418 627 3468 laudatione
642 3418 734 3468 mortui

83 3503 85 3507 ·
162 3485 303 3550 Scipionis‚'
315 3484 364 3532 and
377 3485 409 3533 he
423 3490 511 3548 quotes
523 3483 564 3533 the
576 3485 625 3533 last
640 3484 733 3544 words,

162 3551 245 3601 which
267 3566 301 3614 go
320 3556 347 3598 to
365 3550 436 3598 show
455 3548 511 3598 that
530 3549 615 3614 Scipio
638 3548 697 3598 died
719 3564 735 3598 a

161 3615 259 3665 natural
271 3615 354 3664 death.
378 3615 440 3663 Ihne
453 3615 537 3677 (Riim.
551 3614 641 3664 Gesch.
653 3631 676 3664 v.
689 3613 734 3677 61)

161 3687 262 3745 accepts
280 3680 330 3728 this
347 3685 461 3738 account,
474 3680 523 3728 and
541 3680 673 3729 overlooks
691 3679 735 3729 the

160 3762 230 3796 more
246 3745 407 3810 trustworthy
420 3745 546 3810 authority
559 3745 589 3793 of
602 3746 691 3795 Cicero
709 3746 735 3794 in

161 3813 203 3862 the
215 3817 274 3861 text.

193 3877 330 3932 laudanti,
347 3881 392 3924 not
421 3875 497 3938 quite,
523 3889 551 3926 33
581 3875 662 3935 Sorof,
695 3873 739 3924 ‘of

160 3959 192 3991 30
210 3940 345 4006 attempt:’
362 3940 405 3990 the
416 3941 472 3989 task
485 3940 514 3990 of
528 3941 676 4005 composing
692 3940 735 3990 the

160 4007 335 4073 panegyricis
358 4005 476 4070 regarded
498 4021 526 4055 33
549 4006 684 4070 beginning
707 4019 735 4054 as

159 4089 222 4122 soon
234 4089 262 4121 33
274 4073 293 4121 11
305 4073 407 4121 became
418 4086 434 4121 a
445 4071 514 4135 duty.

172 4181 174 4188 ,
195 4153 216 4188 1.
233 4141 282 4188 val
300 4143 335 4186 ut
351 4140 498 4195 possimus,
520 4153 535 4185 a
554 4135 621 4186 third
637 4151 733 4197 reason,

159 4203 320 4253 coordinated
332 4202 392 4252 with
404 4202 447 4251 the
458 4208 509 4252 130
519 4203 673 4268 gerundives.

194 4283 215 4318 2.
225 4272 277 4382 egi:
294 4285 334 4333 cp.
343 4284 419 4332 many
427 4284 480 4318 exx.
491 4269 516 4316 in
524 4265 646 4332 Seynen's
654 4265 734 4319 Lael.¹

159 4349 286 4461 estam
302 4434 308 4448 .
327 4435 333 4447 .
351 4435 357 4448 .
373 4399 523 4459 laudanda,
541 4397 609 4447 ‘that
624 4397 692 4447 what
711 4396 733 4446 is

158 4464 282 4514 desirable
301 4464 386 4512 13001
405 4464 524 4513 1313011331
542 4464 605 4514 with
622 4463 691 4513 what
711 4462 733 4512 is

158 4528 354 4594 praiseworthy:

193 4605 215 4658 7.
232 4597 435 4653 moderatione,
448 4593 523 4644 ‘wise
534 4591 635 4657 dealing
645 4591 724 4643 with!

190 4677 215 4726 9.
233 4675 342 4710 summa
351 4662 414 4709 1333
425 4662 639 4710 nonsxtullaus.
675 4658 732 4708 Pid.

791 3354 871 3414 copiae
882 3353 1046 3418 respectively
1056 3354 1212 3417 correspond.

791 3430 870 3530 ,aa
880 3425 981 3543 itit
997 3424 1136 3532 111513
1144 3419 1366 3547 iiiiii&

792 3545 821 3595 ὂν
830 3547 958 3596 ἐπαινετὸν
969 3545 1018 3612 Μ
1031 3546 1085 3597 ὃᾶν
1093 3547 1187 3612 ἀγαθὸν
1198 3548 1227 3598 ὃν
1238 3549 1282 3612 ἡδὺ
1289 3549 1315 3615 ᾖ,
1326 3551 1364 3598 ὅτι

792 3611 892 3674 ἀγαθόν·
910 3615 931 3662 el
943 3612 968 3662 δὲ
981 3611 1054 3661 τοῦτό
1067 3614 1119 3662 ἐστι
1133 3612 1163 3663 τὸ
1175 3614 1258 3673 καλόν,
1269 3614 1365 3679 ἀνάγκη

792 3678 840 3738 τῆν
857 3678 948 3741 ἀρετὴν
967 3677 1045 3726 καλὸν
1063 3677 1131 3728 εἶναι·
1157 3675 1251 3741 ἀγαθὸν
1269 3679 1318 3745 γὰρ
1337 3680 1366 3729 ὃν

791 3741 920 3792 ἐπαινετόν
942 3743 1020 3792 ἐστιν.
1057 3745 1178 3794 Aristotle
1199 3761 1261 3810 goes
1284 3763 1316 3796 on
1338 3751 1365 3797 10

792 3809 864 3872 point
880 3816 923 3858 out
940 3809 995 3859 that
1007 3810 1078 3858 those
1092 3810 1152 3872 μέρη
1161 3812 1249 3872 ἀρετῆς
1266 3829 1307 3862 are
1323 3813 1366 3862 the

792 3881 901 3938 greatest
912 3875 994 3925 which
1006 3891 1048 3924 are
1059 3882 1125 3925 most
1133 3876 1211 3926 useful
1222 3883 1249 3926 to
1260 3879 1351 3928 others.

828 3953 866 4002 15.
883 3943 939 3988 3113
950 3947 994 3990 331
1005 3943 1075 3989 alia:
1094 3940 1143 3992 Ell.
1156 3942 1239 4006 points
1248 3951 1292 3993 out
1303 3944 1366 4001 that,
1442 3971 1451 3986 ·

793 4005 927 4070 according
949 4011 975 4054 10
996 4006 1038 4055 the
1060 4006 1110 4055 law
1133 4007 1162 4055 of
1178 4009 1295 4070 pariaris,
1315 4015 1365 4059 two

791 4071 873 4119 words
890 4071 1008 4120 identical
1025 4072 1050 4120 in
1071 4072 1134 4121 form
1153 4089 1195 4122 are
1214 4082 1258 4124 not
1277 4075 1367 4138 placed

791 4135 844 4184 side
856 4137 890 4201 by
898 4136 958 4194 side,
970 4138 1014 4186 but
1025 4136 1104 4187 either
1115 4137 1226 4188 different
1236 4140 1312 4190 forms
1324 4156 1366 4192 are

791 4201 859 4258 used,
872 4217 899 4251 as
912 4203 973 4250 alius
985 4203 1053 4251 aliud
1061 4204 1129 4263 dixit,
1143 4220 1171 4253 or
1181 4204 1224 4256 the
1232 4206 1314 4254 words
1325 4222 1366 4255 are

791 4268 922 4331 separated
934 4267 967 4331 by
978 4281 1048 4316 some
1059 4269 1200 4333 interposed
1211 4270 1289 4318 word.
1317 4271 1365 4335 Cp.

791 4333 826 4382 iii.
848 4347 885 4397 14.
910 4347 940 4396 55
965 4333 1022 4382 ‘sed
1045 4339 1128 4383 tamen
1150 4342 1188 4382 est
1210 4335 1293 4398 specie
1314 4336 1366 4384 alia

789 4399 871 4462 magis
883 4397 935 4446 alia
947 4399 1056 4447 formosa
1066 4405 1092 4448 et
1102 4398 1221 4450 illustris!

826 4465 864 4513 16.
881 4467 912 4512 in
928 4466 1055 4512 moribus
1082 4466 1237 4524 hominum,
1261 4465 1301 4513 ‘in
1324 4465 1366 4516 the

790 4527 976 4578 characteristic
987 4528 1124 4578 behanour
1134 4528 1164 4578 01
1172 4529 1245 4580 men!

825 4607 864 4642 22.
881 4595 1047 4652 magnitudo
1062 4596 1158 4655 animi,
1177 4594 1366 4661 ‘highminded

790 4659 863 4720 ness,'
885 4665 931 4708 001
953 4673 999 4708 our
1021 4660 1233 4730 103ςο3030113,Ι
1256 4663 1301 4711 but
1323 4662 1365 4712 the

732 4737 791 4801 nb
