3286 5036
266 424 330 508 296
595 424 648 491 M.
674 422 848 490 TULLII
868 423 1132 492 CICERONIS

268 617 342 700 quis
358 624 467 680 motus
489 614 603 697 populi
621 614 727 678 factus
745 623 841 691 esset,
857 616 891 678 id
909 611 947 678 C.
964 613 1126 678 Norbano
1141 612 1174 677 in
1189 613 1314 678 nefario
1329 614 1464 679 crimine

267 730 368 803 atque
398 720 432 781 in
461 719 576 783 fraude
605 719 738 800 capitali
771 739 845 782 esse
880 719 1082 800 ponendum.
1142 717 1271 800 Quodsi
1305 739 1464 801 umquam

267 823 391 906 populo
415 823 569 887 Romano
591 841 784 886 concessum
806 832 901 893 esset.
918 831 955 886 ut
978 823 1047 885 iure
1070 823 1225 886 incitatus
1240 824 1413 898 videretur,
1430 824 1464 886 id

268 929 359 1009 quod
374 927 536 991 docebam
551 945 650 1007 saepe
665 946 737 990 esse
752 933 954 1002 concessum,
969 925 1094 988 nullam
1112 925 1167 989 illa
1183 947 1281 990 causa
1296 928 1464 990 iustiorem

241 1031 377 1096 sfuisse.
422 1030 511 1094 Turn
526 1050 659 1093 omnem
675 1029 859 1092 orationem
874 1029 1008 1092 traduxi
1029 1038 1063 1093 et
1083 1030 1228 1093 converti
1244 1030 1278 1092 in
1294 1031 1463 1113 increpan-

268 1135 347 1198 dam
369 1133 546 1216 Caepionis
565 1132 687 1215 fugam,
702 1133 736 1194 in
758 1130 1000 1213 deplorandum
1020 1131 1189 1195 interitum
1210 1135 1394 1197 exercitus:
1417 1136 1463 1196 sic

269 1247 303 1301 et
333 1258 446 1301 eorum
472 1237 629 1314 dolorem,
656 1236 712 1317 qui
738 1235 897 1316 lugebant
922 1255 1010 1310 suos,
1037 1235 1184 1298 oratione
1211 1235 1403 1300 refricabam
1430 1247 1464 1301 et

268 1342 396 1404 animos
412 1342 560 1422 equitum
577 1339 815 1416 Romanorum,
829 1338 919 1420 apud
940 1358 1024 1419 quos
1042 1347 1113 1402 turn
1134 1338 1258 1402 iudices
1273 1360 1372 1403 causa
1386 1360 1464 1421 age·

269 1445 378 1519 batur,
404 1444 447 1507 ad
471 1443 514 1526 Q.
534 1442 710 1524 Caepionis
736 1442 859 1517 odium,
888 1461 953 1522 quo
980 1451 1073 1505 erant
1099 1443 1161 1523 ipsi
1187 1452 1322 1524 propter
1347 1444 1466 1506 iudicia

227 1564 257 1602 ¹0
269 1547 454 1624 abalienati,
482 1546 691 1610 renovabam.
748 1544 848 1628 Quod
875 1545 932 1607 ubi
958 1546 1044 1608 sensi
1076 1566 1130 1608 me
1160 1545 1193 1608 in
1223 1531 1465 1626 possessionem
1479 1565 1537 1631 49

269 1647 378 1710 iudicii
394 1667 433 1709 ac
448 1645 646 1709 defensionis
661 1665 754 1708 meae
770 1645 965 1719 constitisse,
981 1645 1072 1726 quod
1088 1653 1122 1708 et
1137 1645 1251 1726 populi
1267 1644 1465 1709 benevolen-
1478 1651 1537 1697 20⁰

268 1749 351 1813 tiam
374 1747 454 1811 mihi
476 1748 693 1822 conciliatam,
709 1749 800 1810 cuius
822 1749 873 1810 ius
896 1748 998 1810 etiam
1020 1767 1096 1811 cum
1119 1748 1289 1811 seditionis
1313 1750 1467 1812 coniunc-

268 1854 359 1915 tione
370 1851 593 1927 defenderam,
606 1860 640 1914 et
652 1851 796 1915 iudicum
811 1851 941 1914 animos
952 1859 1042 1914 totos
1053 1849 1106 1913 vel
1121 1850 1310 1914 calamitate
1326 1853 1468 1915 civitatis

268 1954 322 2018 vel
337 1954 427 2019 luctu
442 1975 481 2019 aa
496 1955 660 2018 desiderio
683 1954 941 2036 propinquorum
957 1952 1011 2016 vel
1031 1953 1109 2017 odio
1125 1955 1257 2035 proprio
1273 1955 1306 2016 in
1327 1952 1468 2036 Caepio·

227 2083 256 2134 15
270 2078 347 2122 nem
363 2058 406 2121 ad
422 2077 554 2122 causam
571 2066 717 2122 nostram
732 2067 968 2134 converteram,
980 2065 1053 2120 tum
1068 2057 1250 2120 admiscere
1265 2056 1342 2121 huic
1356 2059 1469 2139 generi

269 2163 427 2225 orationis
452 2160 642 2225 vehementi
665 2170 767 2243 atque
794 2161 897 2224 atroci
923 2179 1029 2242 genus
1055 2159 1138 2223 illud
1164 2159 1315 2238 alterum,
1340 2162 1382 2224 de
1403 2182 1471 2243 quo

269 2274 347 2329 ante
370 2265 544 2347 disputavi,
568 2265 713 2329 lenitatis
735 2275 769 2328 et
793 2264 1055 2328 mansuetudinis
1080 2265 1194 2345 coepi:
1227 2284 1281 2328 me
1308 2285 1368 2347 pro
1395 2286 1471 2329 meo

183 2369 184 2372 ’
270 2368 383 2445 sodali,
399 2369 456 2450 qui
472 2367 551 2431 mihi
570 2369 603 2431 in
619 2368 759 2431 liberum
782 2368 857 2431 loco
882 2387 974 2430 more
996 2368 1158 2430 maiorum
1182 2387 1254 2431 esse
1276 2368 1419 2442 deberet,
1437 2379 1472 2433 et

307 2532 327 2566 1.
345 2521 369 2567 in
380 2519 470 2578 aesario
482 2518 576 2566 crinem
587 2528 666 2582 atqve:
692 2534 742 2568 orn.
756 2519 819 2582 ng.
832 2533 855 2576 a,
867 2532 891 2580 4,
906 2532 944 2580 13,
959 2531 998 2580 32·
1039 2517 1095 2566 incl.
1110 2517 1151 2566 K:
1173 2518 1197 2565 m
1209 2519 1299 2579 nefario
1311 2522 1407 2568 crimine
1419 2535 1471 2571 om.

271 2584 335 2632 ABb
347 2582 448 2647 (legitur
461 2590 544 2632 tamen
561 2586 649 2647 atqve).
731 2586 754 2633 8.
765 2586 851 2632 iudices
858 2583 921 2643 incl.
934 2583 968 2631 K.
1057 2597 1095 2632 10.
1113 2585 1250 2632 renovabam
1263 2584 1326 2646 ΑΒγ
1337 2583 1400 2649 ng.
1414 2600 1435 2642 2,
1448 2602 1470 2648 4,

273 2662 310 2710 13,
323 2647 361 2710 36.
394 2651 527 2697 revocabam
537 2649 569 2697 b:
586 2651 724 2697 renovabam
735 2659 801 2712 atqve
811 2651 946 2698 revocabam
958 2648 986 2697 P.
997 2647 1063 2712 vulg.

306 2797 326 2831 1.
344 2785 470 2839 erimine,
482 2798 541 2831 even
558 2782 584 2830 in
601 2781 689 2832 Cicero
705 2782 845 2832 sometimes
898 2783 925 2831 in
936 2782 1072 2832 amicitiam
1084 2782 1173 2858 populi
1184 2782 1291 2831 Romani
1302 2782 1472 2846 dicionemque

276 2847 448 2903 =⁴c1ime‚’ns
459 2848 516 2896 well
528 2864 557 2896 as
568 2847 689 2911 ‘charge'
897 2846 993 2897 essent'
1023 2847 1120 2896 Gellius
1135 2848 1163 2909 (i.
1178 2858 1199 2910 7.
1214 2847 1255 2907 16)
1267 2848 1327 2897 read
1346 2849 1385 2897 ‘in
1403 2865 1472 2912 prae-

306 2927 327 2963 2.
339 2916 438 2962 frande
449 2915 578 2970 capitali:
596 2929 634 2977 cp.
645 2928 691 2977 pro
699 2913 764 2962 Rab.
774 2912 845 2961 Perd.
897 2913 990 2963 donum
1006 2912 1081 2962 fuisse
1098 2918 1246 2976 potestatem
1268 2911 1381 2962 sciatisz'·
1399 2915 1424 2962 in
1440 2914 1471 2964 de

273 2979 310 3027 ‘si
321 2978 432 3027 fraudem
441 2978 572 3043 capitalem
584 2977 691 3036 admisit,
701 2978 846 3043 qnodarma
897 2978 963 3042 Imp.
987 2978 1040 3028 Cic.
1061 2977 1148 3043 Pomp.
1169 2991 1207 3028 12.
1227 2992 1257 3041 33
1274 2979 1357 3028 which
1375 2979 1472 3043 Kayser

271 3051 357 3094 contra
368 3044 396 3095 L.
409 3043 566 3093 Saturninum
576 3042 650 3094 tulit.'
898 3044 956 3106 (but
966 3049 1011 3093 not
1022 3042 1113 3104 Halm)
1125 3043 1222 3092 retains.

304 3108 328 3158 6.
345 3112 448 3168 fugam,
460 3109 524 3159 from
538 3109 580 3158 the
593 3108 652 3159 field
666 3108 696 3159 of
704 3107 790 3168 battle,
802 3114 846 3157 not
930 3106 1024 3168 Quod,
1057 3108 1238 3172 introductory:
1265 3108 1362 3172 strictly
1383 3107 1472 3173 speak-

272 3174 313 3224 his
324 3174 395 3224 exile.
428 3174 521 3223 Introd.
534 3191 559 3238 p.
571 3190 594 3238 9.
897 3174 941 3238 ing
957 3190 973 3222 a
988 3172 1098 3232 relative,
1116 3173 1158 3223 the
1175 3173 1255 3235 object
1272 3174 1301 3222 of
1321 3175 1415 3232 ‘sensi'
1431 3190 1472 3224 ex·

306 3255 327 3300 7.
345 3242 519 3299 refriosbnm,
532 3255 577 3303 pro
596 3238 648 3304 erly
663 3238 692 3288 of
705 3238 814 3302 opening
831 3253 846 3286 a
897 3239 999 3303 plained
1010 3239 1043 3302 by
1056 3242 1110 3287 ‘me
1121 3237 1275 3289 constitisse?

270 3305 361 3353 wound
372 3305 427 3353 that
437 3304 483 3353 has
496 3304 553 3354 heal
601 3320 674 3353 over:
691 3320 730 3367 cp.
742 3302 773 3352 de
785 3304 845 3367 leg.
933 3317 970 3352 12.
988 3318 1052 3352 oum
1067 3307 1215 3354 seditionis
1228 3306 1427 3354 coniunctione
1445 3326 1467 3344 =

270 3371 332 3433 Agr.
345 3369 380 3418 iii.
394 3384 415 3418 a.
428 3385 444 3430 4
459 3372 501 3418 ‘ne
516 3369 628 3418 refricare
645 3368 779 3418 obductam
794 3369 846 3416 iam
899 3371 971 3418 ‘cum
981 3369 1138 3418 coniunctum
1150 3374 1214 3418 esset
1225 3385 1279 3418 cum
1291 3367 1427 3418 seditione.’

270 3434 422 3499 reipublicae
438 3434 576 3484 cicatricem
593 3431 713 3483 viderer?
731 3433 763 3482 ad
775 3434 845 3482 Fam.
928 3447 965 3494 13.
982 3432 1234 3484 iudicum=‘court.'
1247 3434 1409 3483 WhenIsaw
1417 3433 1472 3483 that

271 3517 295 3550 v.
319 3511 355 3562 17.
379 3501 402 3562 '4.
421 3503 640 3549 ‘vereor....ne
656 3499 767 3548 refricem
783 3499 846 3547 meis
897 3498 973 3548 Ihad
983 3499 1173 3562 gainedahold
1185 3515 1243 3548 over
1254 3499 1295 3549 the
1306 3506 1376 3549 court
1387 3501 1436 3548 and
1446 3499 1476 3548 of

271 3565 349 3616 literis
361 3565 509 3615 desiderium
521 3581 551 3616 ae
561 3563 673 3613 dolorem
684 3561 768 3614 tuum’
896 3579 938 3628 my
950 3579 1006 3613 own
1017 3565 1067 3612 line
1079 3563 1108 3613 of
1116 3564 1231 3614 defence.'

303 3633 326 3682 8.
338 3635 414 3688 apud
430 3647 500 3689 quos
511 3667 517 3678 .
528 3667 533 3680 .
544 3633 675 3687 .iudloes,
692 3629 766 3678 ‘who
779 3644 846 3677 eom·
932 3629 969 3680 18.
986 3632 1018 3677 ln
1028 3633 1150 3680 liberum
1161 3633 1239 3679 loeo:
1252 3629 1471 3693 cp.Introd.p.14,

271 3697 349 3761 posed
366 3697 408 3745 the
422 3697 478 3761 jury
492 3695 575 3746 before
593 3695 692 3755 whom'
705 3710 720 3743 a
731 3709 846 3744 common
896 3693 958 3743 with
980 3694 1022 3743 the
1038 3694 1171 3745 references
1187 3694 1255 3744 there
1279 3696 1322 3754 (ad
1342 3695 1363 3742 F
1365 3710 1412 3744 arn.
1435 3694 1472 3744 iii.

271 3762 445 3826 compression.
897 3759 988 3808 should
1006 3760 1037 3808 be
1056 3760 1120 3820 xiii).
1155 3761 1205 3809 For
1223 3761 1290 3807 liberi
1305 3759 1366 3809 used
1383 3760 1412 3808 of
1426 3776 1472 3809 one

304 3842 328 3890 9.
340 3831 376 3875 ad
388 3831 484 3876 odium
494 3828 674 3885 renovabam,
688 3824 808 3874 ‘aroused
819 3829 846 3872 to
897 3824 972 3880 child,
983 3841 1022 3888 cp.
1034 3825 1066 3874 ad
1076 3827 1145 3874 Fam.
1154 3825 1186 3872 iv.
1197 3838 1219 3885 5.
1232 3839 1246 3887 3
1260 3828 1369 3874 ‘atvero
1379 3825 1473 3874 malum

271 3891 337 3939 fresh
352 3891 455 3940 hatred'
489 3891 544 3940 The
560 3891 667 3940 editions
687 3889 770 3939 before
787 3889 846 3939 Em.
897 3897 934 3939 est
945 3890 1036 3940 liberos
1053 3891 1177 3940 amittere'
1191 3890 1232 3950 (of
1239 3890 1345 3950 Tullia),
1358 3891 1408 3939 and
1419 3889 1472 3938 still

213 3950 218 3958 ⁴
271 3956 321 4005 add
334 3959 422 4019 ‘atque
433 3956 596 4015 revocabam,'
605 3954 846 4004 whichisfoundin
897 3971 966 4004 more
983 3956 1062 4020 plainl
1094 3956 1145 4018 just
1162 3955 1245 4004 before
1264 3959 1394 4020 ‘generum
1411 3956 1472 4004 deli·

270 4019 846 4135 lssdlllrMbllllelhtl?fllolllfalh
896 3973 1472 4150 {lllluipulrblb“ll‘blllflessllesslli

270 4150 347 4200 hence
365 4151 408 4200 the
426 4151 506 4215 origin
524 4150 553 4199 of
567 4150 610 4200 the
626 4149 695 4214 gloss
714 4149 736 4197 is
753 4149 778 4197 in
795 4148 846 4198 this
896 4156 935 4199 est
951 4165 1007 4200 cum
1023 4151 1108 4199 liberis
1125 4150 1162 4198 M.
1174 4149 1291 4200 Fulvius’
1304 4150 1325 4199 is
1336 4157 1381 4199 not
1394 4167 1426 4199 an
1437 4151 1471 4198 in·

271 4232 327 4266 case
338 4216 468 4278 unusually
479 4215 552 4265 clear.
897 4221 981 4265 stance
992 4215 1017 4264 in
1028 4217 1107 4280 point,
1120 4215 1217 4280 though
1228 4217 1370 4266 sometimes
1380 4215 1472 4279 quoted

307 4294 344 4332 10.
356 4285 387 4329 in
404 4284 618 4339 possessionem.
630 4316 637 4329 .
650 4315 656 4327 .
668 4280 844 4346 constitisse:
896 4295 924 4328 as
942 4280 1017 4339 sueh;
1040 4281 1079 4330 for
1098 4287 1148 4330 two
1165 4297 1223 4330 sons
1242 4281 1272 4330 of
1288 4281 1391 4330 Fulvius
1407 4297 1472 4330 were

270 4346 320 4396 this
332 4348 504 4407 construction,
515 4347 564 4396 due
574 4351 602 4394 to
613 4361 628 4394 a
639 4343 807 4394 combination
819 4342 849 4392 of
895 4344 981 4405 killed,
1000 4346 1096 4411 though
1112 4353 1157 4395 not
1174 4352 1200 4394 at
1216 4347 1258 4396 the
1273 4362 1341 4396 same
1352 4347 1412 4396 time
1422 4346 1472 4395 and

270 4412 312 4462 the
327 4419 378 4462 two
393 4414 492 4462 notions
507 4413 536 4462 of
543 4412 639 4462 motion
654 4416 688 4468 to,
701 4409 751 4457 and
762 4408 844 4458 subse·
895 4411 983 4474 place:
1001 4411 1045 4460 but
1062 4412 1093 4461 de
1107 4412 1179 4461 Prov.
1192 4412 1266 4461 Cous.
1281 4426 1318 4474 14,
1333 4425 1363 4474 35
1380 4412 1416 4459 is:
1434 4412 1472 4459 ‘si

168 4517 170 4520 .
271 4478 372 4542 quently
378 4485 427 4528 rest
435 4479 467 4534 in,
477 4479 497 4527 is
507 4484 550 4527 too
558 4477 616 4527 well
625 4474 775 4525 established
786 4474 844 4522 here
895 4476 928 4524 ad
936 4477 1124 4525 iucundissimos
1131 4477 1230 4536 liberos,
1238 4478 1260 4525 si
1268 4477 1299 4525 ad
1309 4477 1471 4526 clarissimum

270 4543 319 4590 and
331 4543 461 4594 elsewhere
473 4551 499 4593 to
511 4544 541 4592 be
552 4541 688 4606 suspected.
707 4541 754 4604 Cp.
763 4539 843 4588 Halm
894 4557 1010 4604 generum
1020 4541 1098 4590 redire
1109 4544 1267 4604 properaret:
1276 4542 1314 4591 for
1321 4541 1414 4591 Caesar
1420 4541 1472 4591 had

270 4623 303 4656 on
315 4608 373 4657 Div.
386 4609 411 4657 in
423 4610 495 4659 Caee.
510 4623 548 4658 20.
559 4607 591 4674 69
605 4606 761 4657 ‘nationibus
780 4620 843 4668 quae
894 4607 953 4669 only
964 4623 1010 4656 one
1022 4607 1096 4666 child,
1109 4607 1184 4670 Julia.
