3286 5036
288 451 352 524 370
411 435 462 501 M.
491 434 664 500 TULLII
683 425 959 500 'CICERONIS
981 431 1051 495 DE
1060 423 1210 496 'ORAT
1209 432 1309 497 ORE
1330 433 1381 496 II.

287 627 372 690 Asia
387 627 486 690 istum
502 615 610 707 ipsum
629 622 803 704 Scepsium
825 621 1064 698 Metrodorum,
1081 612 1156 686 cum
1169 623 1214 686 ¹de
1229 613 1282 686 his
1297 621 1376 705 ipsis
1392 623 1491 686 rebus

287 735 470 814 disputaret
482 751 490 807 ;
513 748 619 810 neque
641 747 719 790 vero
742 725 821 788 mihi
844 726 1020 807 quisquam
1041 713 1204 809 copiosius
1225 747 1383 809 umquam
1400 730 1490 791 visus

287 845 338 899 est
361 855 468 916 neque
491 831 643 896 subtilius
665 831 699 893 in
719 830 783 893 hoc
805 821 925 911 genere
948 830 1079 894 dicendi
1103 847 1204 912 quam
1224 831 1286 895 iste
1300 832 1401 895 hodie
1417 853 1490 895 esse

285 948 451 1002 versatus:
475 936 565 1018 quod
586 937 614 998 si
629 943 717 998 esset
731 933 828 997 aliter
843 943 877 997 et
891 931 1017 1015 aliquid
1034 933 1260 1016 intellegerem
1276 936 1319 999 ab
1335 933 1489 999 Antonio

259 1041 564 1127 5praetermissum,
588 1060 655 1102 non
678 1057 784 1101 essem
804 1045 875 1101 tam
899 1037 1077 1102 inurbanus
1099 1047 1133 1101 et
1152 1052 1259 1120 paene
1279 1040 1489 1113 inhumanus,

288 1148 335 1211 uti
358 1148 391 1209 in
415 1167 454 1209 eo
477 1163 637 1226 gravarer,
659 1142 748 1223 quod
771 1160 830 1204 vos
853 1161 973 1223 cupere
997 1138 1173 1206 sentirem’
1217 1141 1305 1205 Tum
1323 1141 1489 1225 Sulpicius
1503 1159 1559 1204 366

184 1261 188 1282 ⁴
289 1258 352 1315 ‘an
368 1245 463 1332 ergo'
479 1249 588 1330 inquit
603 1246 742 1310 ‘oblitus
760 1265 805 1323 ee,
828 1244 954 1320 Crasse,
978 1245 1164 1309 Antonium
1180 1247 1226 1312 ita
1241 1249 1399 1329 partitum
1417 1268 1490 1310 esse

288 1364 408 1428 tecum,
433 1361 471 1416 ut
496 1353 566 1433 ipse
590 1351 844 1414 instrumentum
870 1349 1009 1412 oratoris
1033 1359 1223 1431 exponeret,
1246 1350 1306 1414 tibi
1330 1352 1399 1414 eius
1422 1351 1489 1414 dis-

288 1457 482 1521 tinctionem
498 1465 598 1536 atque
620 1461 772 1516 ornatum
796 1450 1033 1533 relinquereti’
1068 1453 1134 1518 Hic
1157 1454 1212 1518 ille
1229 1456 1391 1536 ‘primum
1415 1455 1490 1534 quis

245 1577 275 1613 ¹0
288 1559 439 1625 Antonio
462 1554 630 1641 permisit‚'
655 1557 760 1637 inquit
784 1559 841 1618 ‘ut
864 1565 898 1620 et
919 1557 1021 1637 partis
1049 1555 1171 1621 faceret
1196 1567 1229 1621 et
1255 1568 1363 1622 utram
1387 1556 1490 1621 vellet

288 1667 377 1747 prior
402 1664 472 1745 ipsc
501 1659 668 1726 sumeret?
690 1659 820 1738 deinde,
848 1679 910 1740 ego
936 1659 963 1722 si
990 1669 1079 1725 recte
1104 1661 1263 1740 intellexi,
1288 1682 1364 1726 cum
1390 1661 1490 1726 valde

288 1768 426 1832 libenter
448 1766 606 1841 audirem,
630 1764 709 1828 mihi
732 1764 905 1827 coniuncte
924 1772 975 1826 est
992 1756 1080 1826 visus
1096 1765 1138 1827 de
1154 1774 1293 1847 utraque
1310 1787 1344 1830 re
1359 1763 1490 1832 dicere.’

289 1870 373 1935 ‘Ille
394 1866 488 1933 vero’
511 1870 618 1950 inquit
642 1867 742 1931 Cotta
758 1873 973 1930 ‘ornamenta
993 1869 1151 1937 orationis
1172 1889 1237 1933 non
1254 1871 1365 1952 attigit
1380 1890 1489 1952 neque

288 1996 361 2039 eam
384 1974 526 2050 laudem,
543 1994 587 2036 ex
609 1989 675 2054 qua
698 1971 886 2052 eloquentia
909 1991 1030 2034 nomen
1053 1992 1150 2035 suum
1168 1969 1314 2037 invenit.'
1359 1965 1488 2037 ‘Verba

245 2101 273 2149 15
287 2076 402 2163 igitur’
418 2079 524 2160 inquit
541 2076 679 2141 Crassus
695 2075 796 2139 ‘mihi
812 2074 942 2156 reliquit
958 2074 1136 2149 Antonius,
1153 2097 1222 2140 rem
1239 2079 1309 2159 ipse
1324 2075 1489 2160 sumpsit·¹

287 2184 376 2246 Tum
401 2183 523 2247 Caesar
538 2182 593 2259 ‘si,
616 2180 705 2262 quod
728 2178 890 2243 difficilius
912 2189 973 2254 est,
997 2179 1030 2242 id
1053 2178 1114 2243 tibi
1137 2179 1275 2262 reliquit,
1300 2191 1350 2244 est
1372 2177 1551 2244 nobis'ser

288 2289 394 2369 inquit
410 2291 539 2360 ‘causa,
562 2305 619 2348 cur
644 2293 678 2348 te
704 2284 818 2347 audire
848 2283 1038 2364 cupiamus;
1070 2283 1128 2360 sin,
1151 2276 1240 2365 quod
1264 2284 1399 2363 facilius,
1426 2287 1490 2351 tibi

287 2413 385 2456 causa
402 2411 467 2454 non
484 2399 543 2464 est,
560 2409 616 2452 cur
631 2384 780 2452 recuses!
832 2387 879 2451 Et
901 2385 1040 2450 Catulus
1060 2387 1167 2469 ‘quid,
1183 2389 1273 2469 quod
1289 2386 1424 2468 dixisti,'
1439 2391 1491 2452 in-

286 2497 358 2578 quit
374 2494 521 2568 ‘Crasse,
544 2494 571 2556 si
594 2492 692 2556 hodie
714 2492 803 2573 apud
825 2501 859 2554 te
879 2510 1094 2567 maneremus
1110 2502 1144 2555 te
1161 2512 1285 2556 morem
1305 2493 1400 2556 nobis
1416 2515 1491 2558 esse

243 2623 274 2658 ιο
286 2610 465 2683 gesturum,
481 2596 605 2661 nihilne
619 2597 661 2659 ad
686 2596 787 2659 fidem
803 2605 897 2658 tuam
920 2603 1018 2676 putas
1036 2593 1237 2676 pertinere?’
1275 2595 1364 2658 Tum
1387 2596 1493 2662 Cotta

288 2704 397 2768 ridens
412 2706 565 2785 ‘possem
580 2699 661 2775 tibi,’
672 2700 779 2781 inquit
795 2697 940 2775 ‘Crasse
958 2699 1159 2762 concedere:
1182 2699 1241 2761 sed
1257 2700 1333 2764 vide
1349 2721 1391 2764 ne
1407 2703 1491 2783 quid

290 2806 430 2872 Catulus
453 2805 601 2870 attulerit
624 2803 809 2885 religionis:
837 2802 900 2865 hoc
923 2822 1007 2883 opus
1030 2803 1213 2865 censorium
1237 2811 1297 2880 est,
1320 2805 1353 2867 id
1376 2815 1491 2868 autem

288 2913 496 2977 committere
511 2910 602 2972 vides
616 2927 718 2990 quam
734 2907 860 2970 homini
875 2907 1022 2970 censorio
1035 2903 1228 2970 conveniat.'
1260 2907 1382 2990 ‘Agite
1393 2907 1491 2972 vero’

290 3015 344 3079 ille
356 3015 462 3097 inquit
475 3020 530 3075 ‘ut
543 3011 652 3076 voltis.
690 3010 757 3076 Sed
774 3030 859 3073 nunc
876 3010 1018 3091 quidem,
1033 3011 1191 3092 quoniam
1207 3020 1257 3074 est
1273 3012 1307 3075 id
1322 3014 1491 3094 temporis,

246 3145 274 3196 25
290 3120 490 3202 surgendum
506 3113 623 3181 censeo
639 3125 672 3179 et
687 3115 958 3196 requiescendum
971 3136 978 3192 ;
1001 3123 1078 3196 post
1094 3115 1274 3191 meridiem,
1287 3117 1314 3178 si
1333 3117 1380 3180 ita
1395 3118 1492 3180 vobis

289 3234 340 3288 est
355 3221 577 3296 commodum,
595 3219 770 3301 loquemur
788 3218 923 3301 aliquid,
939 3218 1000 3280 nisi
1016 3218 1100 3282 sorte
1115 3219 1149 3281 in
1165 3212 1343 3300 crastinum
1360 3221 1493 3285 differre

290 3321 462 3390 mavoltis'
498 3325 625 3388 Omnes
641 3344 676 3386 se
690 3322 743 3386 vel
758 3322 872 3386 statim
888 3321 939 3385 vel
955 3320 982 3384 si
998 3321 1068 3402 ipse
1083 3332 1160 3404 post
1177 3323 1347 3386 meridiem
1364 3324 1491 3402 mallet,

290 3451 390 3514 quam
406 3429 548 3512 primum
564 3438 678 3492 tamen
693 3427 806 3490 audire
820 3425 905 3489 velle
924 3425 1087 3489 dixerunt.

291 3583 329 3618 10.
343 3567 420 3631 partis
431 3566 464 3615 K.
503 3565 548 3613 mei
555 3565 631 3626 partis
643 3563 753 3628 AbZLg.
766 3576 787 3622 2,
800 3576 824 3624 4.
859 3578 922 3610 meas
940 3559 1241 3624 partisBLg13.32,36.
1264 3571 1312 3611 'an
1324 3565 1369 3611 mei
1379 3565 1494 3612 sermonis

523 3631 600 3695 partis
610 3629 616 3647 ¹
627 3630 661 3681 K.
763 3641 801 3694 14.
820 3644 887 3676 suum
899 3628 925 3676 K
939 3642 996 3676 cum
1009 3627 1102 3689 Apr:
1121 3628 1195 3689 ipim
1207 3627 1252 3677 PS.

323 3779 345 3832 7.
362 3771 403 3818 ita
414 3760 551 3825 partitum
562 3779 636 3813 esse:
656 3768 668 3822 ξ
683 3776 737 3824 123.
861 3759 863 3764 ’
912 3761 965 3809 tion
981 3760 1010 3810 of
1016 3777 1031 3808 a
1044 3765 1166 3825 compact.
1201 3761 1268 3811 Gell.
1280 3761 1329 3810 xiv.
1344 3774 1373 3809 12
1387 3761 1492 3828 ‘siquis

256 3867 257 3870 =
324 3837 346 3884 8.
363 3837 593 3886 instrumentum,
606 3825 821 3878 ‘stoek·in-trade.'
913 3842 999 3890 agmm
1009 3842 1079 3874 suum
1089 3842 1176 3890 passus
1186 3825 1264 3876 suerat
1275 3827 1415 3876 sordescere
1423 3844 1492 3877 eum-

325 3913 362 3947 12.
391 3902 547 3957 coniuncte,
570 3912 623 3960 eg.
652 3893 810 3958 incidentally
835 3893 861 3942 in
914 3908 960 3957 que
977 3891 1134 3956 indiligenter
1150 3893 1260 3946 curabat.
1276 3908 1355 3957 neque
1368 3901 1490 3950 araverat,

291 3971 373 4026 §31²-
913 3973 991 4021 neque
1009 3964 1155 4022 purgaverat
1173 3995 1179 4005 .
1198 3995 1203 4006 .
1219 3971 1268 4006 non
1288 3958 1314 4005 id
1335 3959 1388 4007 sine
1409 3977 1492 4024 poena

325 4044 363 4092 14.
381 4044 443 4079 sam
453 4030 574 4083 laudem,
587 4041 620 4075 sc.
632 4025 747 4075 elocutio.
913 4023 967 4082 suit,
981 4023 1085 4072 sederat
1097 4039 1159 4087 opus
1171 4023 1315 4082 censorium,
1329 4038 1492 4091 censoresque

325 4094 364 4143 18.
382 4098 459 4152 quod
471 4095 576 4147 dixisti.
591 4097 604 4150 ς
619 4102 656 4153 27.
913 4089 1033 4137 aerarium
1043 4089 1184 4138 iaciebant!

326 4174 362 4210 aa.
380 4176 451 4217 opus
464 4160 628 4216 censorium,
642 4164 674 4204 ‘a
690 4161 780 4204 matter
801 4152 862 4202 with
947 4169 984 4217 ²4·
1003 4157 1136 4211 quoniam
1148 4159 1191 4204 est
1203 4157 1233 4203 id
1245 4157 1396 4211 temporis:
1415 4171 1457 4220 cp.
1473 4157 1491 4208 i.

291 4226 371 4276 which
383 4226 425 4276 the
434 4239 519 4275 censor
526 4223 572 4272 has
583 4229 610 4272 to
622 4218 694 4283 deal:
702 4221 718 4270 i.
726 4237 747 4271 e.
759 4237 774 4270 a
785 4219 862 4269 viola·
913 4217 952 4266 62.
966 4217 1020 4283 265.

698 4451 1089 4462 *—
