3286 5036
294 472 357 558 346
624 471 678 538 M.
705 471 878 537 TULLII
899 468 1162 540 CICERONIS

295 660 390 741 eique
404 669 509 723 artem
525 659 711 733 memoriae,
727 679 812 742 quae
828 667 900 722 tum
916 659 1057 742 primum
1074 657 1307 741 proferebatur,
1326 657 1494 740 pollicitus

295 785 367 827 esse
382 784 417 826 se
432 765 648 839 traditurum3
672 783 748 826 cum
764 762 819 827 ille
834 764 1015 844 quaesisset
1035 763 1194 844 quidnam
1215 762 1271 825 illa
1292 783 1344 825 ars
1364 763 1493 825 efficere

294 877 415 949 posset,
441 867 566 930 dixisse
601 866 694 930 illum
730 867 910 944 doctorem,
933 877 970 930 ut
993 868 1106 930 omnia
1133 867 1334 928 meminisset
1347 888 1355 944 ;
1396 874 1430 929 et
1461 865 1491 928 ei

294 971 553 1034 Themistoclem
568 971 775 1051 respondisse
790 970 916 1053 gratius
933 970 995 1032 sibi
1017 969 1109 1032 illum
1131 990 1203 1032 esse
1222 969 1394 1043 facturum,
1411 968 1439 1032 si
1454 989 1491 1032 se

261 1093 275 1142 5
294 1074 440 1137 oblivisci
456 1095 541 1155 quae
555 1072 655 1136 vellet
670 1094 770 1154 quam
786 1076 813 1137 si
830 1075 1018 1138 meminisse
1033 1075 1207 1137 docuisset.
1244 1073 1390 1136 Videsne
1405 1094 1491 1155 quae
1503 1093 1563 1138 300

292 1180 342 1241 vis
368 1178 401 1239 in
424 1177 558 1240 homine
584 1177 731 1242 acerrimi
759 1177 891 1258 ingenii,
919 1197 1019 1258 quarn
1047 1187 1166 1258 potens
1190 1185 1223 1240 et
1244 1185 1370 1258 quanta
1397 1196 1491 1239 mens

293 1280 411 1344 fuerit?
467 1280 533 1362 Qui
555 1281 601 1344 ita
622 1281 836 1363 responderit,
864 1290 900 1344 ut
926 1280 1116 1363 intellegere
1143 1273 1419 1362 possemus'nihil
1445 1301 1491 1342 ex

293 1384 379 1448 illius
405 1384 526 1461 animo,
549 1384 638 1465 quod
664 1384 767 1446 semel
791 1394 878 1447 esset
908 1385 1060 1462 infusum,
1087 1404 1247 1466 umquam
1275 1383 1406 1466 effluere
1432 1404 1491 1464 po·

293 1489 414 1566 tuisse3
445 1507 520 1550 cum
546 1487 682 1568 quidem
705 1487 735 1550 ei
758 1485 855 1550 fuerit
881 1489 1059 1570 optabilius
1083 1488 1230 1551 oblivisci
1257 1508 1353 1569 posse
1379 1487 1491 1568 potius

249 1592 382 1673 roquod
412 1594 600 1656 meminisse
630 1594 731 1657 nollet
761 1615 862 1677 quam
893 1596 981 1677 quod
1012 1595 1113 1658 semel
1143 1594 1288 1657 audisset
1313 1593 1491 1656 vidissetve

293 1696 489 1759 meminisse.
537 1697 605 1761 Sed
622 1718 729 1781 neque
751 1707 887 1780 propter
901 1699 964 1762 hoc
979 1698 1195 1762 Themistocli
1212 1717 1405 1780 responsum
1423 1717 1492 1758 me·

292 1799 416 1863 moriae
431 1801 526 1863 nobis
541 1822 641 1883 opera
657 1802 769 1864 danda
787 1822 853 1865 non
870 1812 920 1866 est
936 1822 1044 1883 neque
1062 1802 1118 1865 illa
1140 1821 1213 1865 mea
1228 1801 1337 1865 cautio
1354 1809 1387 1863 et
1403 1799 1492 1862 timi-

291 1902 378 1965 ditas
392 1904 424 1966 in
438 1906 543 1967 causis
555 1914 692 1987 propter
703 1915 927 1988 praestantem
940 1907 1149 1987 prudentiam
1164 1904 1272 1968 Crassi
1286 1904 1492 1986 neglegenda

293 2016 367 2084 est3
391 2016 529 2090 uterque
551 2009 639 2072 enim
658 2010 795 2072 istorum
817 2029 885 2071 non
909 2008 989 2072 mihi
1011 2009 1123 2073 attulit
1142 2009 1297 2091 aliquam,
1314 2008 1372 2070 sed
1395 2028 1491 2070 suam

248 2135 277 2184 1⁵
292 2111 488 2192 significavit
502 2111 705 2177 facultatem.
751 2114 888 2176 Etenim
910 2112 1075 2195 permulta
1089 2123 1167 2176 sunt
1182 2115 1215 2176 in
1231 2113 1336 2176 causis
1351 2112 1384 2174 in
1399 2112 1491 2174 omni
1505 2128 1560 2175 301

292 2225 386 2296 parte
400 2216 558 2282 orationis
574 2217 875 2298 circumspicienda,
891 2217 1027 2299 nequid
1050 2217 1208 2294 offendas,
1224 2237 1345 2298 nequo
1361 2216 1491 2280 inruas:

291 2341 392 2402 saepe
412 2320 531 2402 aliquis
550 2322 644 2385 testis
659 2331 717 2384 aut
733 2340 799 2384 non
815 2321 918 2384 laedit
938 2321 1119 2384 autminus
1142 2321 1252 2395 laedit,
1269 2322 1330 2383 nisi
1351 2318 1492 2383 lacessa·
1623 2287 1627 2390 l

291 2435 364 2501 tur;
388 2434 460 2487 orat
482 2444 565 2498 reus,
582 2434 701 2506 urgent
722 2425 883 2502 advocati,
899 2435 936 2489 ut
954 2425 1154 2499 invehamur,
1171 2434 1208 2488 ut
1224 2425 1310 2486 male
1332 2424 1491 2502 dicamus,

291 2527 435 2608 denique
446 2536 483 2590 ut
498 2529 757 2609 interrogemus:
781 2548 847 2591 non
860 2548 1004 2605 moveor,
1016 2547 1081 2590 non
1097 2528 1301 2610 obtempero,
1314 2548 1378 2590 non
1394 2529 1492 2590 satis-

241 2629 396 2707 ·aofaci03
430 2651 537 2712 neque
562 2640 676 2695 tamen
707 2631 809 2694 ullam
839 2633 1004 2713 adsequor
1033 2631 1166 2694 laudern
1180 2652 1188 2709 ;
1221 2630 1371 2694 homines
1402 2632 1492 2693 enim

291 2733 435 2814 imperiti
459 2732 586 2796 facilius
610 2735 700 2816 quod
727 2735 829 2799 stulte
854 2735 978 2798 dixeris
1004 2734 1243 2816 reprehendere
1270 2756 1369 2817 quam
1400 2736 1491 2815 quod
1623 2743 1624 2804 l

290 2837 458 2918 sapienter
483 2837 624 2901 tacueris
649 2836 784 2900 laudare
810 2847 958 2920 possunt.
1014 2838 1080 2902 Hic
1105 2847 1264 2919 quantum
1289 2836 1327 2899 fit
1351 2836 1438 2915 mali,
1463 2839 1492 2901 si
1505 2848 1562 2894 802
1622 2839 1623 2900 l

290 2939 420 3018 iratum,
443 2941 470 3004 si
494 2960 560 3005 non
583 2940 731 3019 stultum,
758 2943 785 3004 si
812 2962 878 3005 non
906 2942 1012 3004 levem
1035 2950 1156 3005 testem
1179 2940 1328 3003 laeseris!
1348 2945 1350 2948 ⁴
1375 2940 1493 3004 Habet
1621 2929 1622 2998 l

291 3043 378 3106 enirn
402 3052 435 3107 et
457 3043 665 3109 voluntatem
688 3045 840 3114 nocendi.
852 3047 885 3108 in
912 3045 1079 3108 iracundia
1101 3053 1135 3107 et
1157 3045 1224 3107 vim
1248 3047 1281 3106 in
1304 3046 1434 3126 ingenio
1458 3056 1492 3109 et

244 3169 276 3218 25
290 3146 421 3230 pondus
444 3149 477 3211 in
500 3149 569 3212 vita
582 3174 591 3230 3
614 3169 685 3226 nec,
711 3149 739 3212 si
765 3149 828 3213 hoc
857 3148 995 3212 Crassus
1022 3169 1089 3212 non
1115 3135 1303 3226 committit,
1326 3149 1401 3212 ideo
1425 3170 1492 3212 non

357 3363 382 3412 3.
396 3361 418 3399 ee
428 3352 449 3399 ei
459 3352 516 3402 incl.
530 3352 564 3401 K.
750 3353 773 3404 6.
791 3364 877 3418 quanta
889 3370 951 3403 mens
962 3353 1006 3403 KS
1017 3369 1073 3403 cum
1085 3352 1157 3404 codd.
1168 3370 1173 3402 :
1190 3369 1259 3418 qvam
1269 3353 1386 3401 vehemens
1397 3353 1425 3403 P.

772 3431 795 3483 7.
808 3421 921 3483 possimus
933 3419 1006 3469 KPS.

289 3607 454 3671 polliceretur,
478 3608 620 3668 oblivionis,
640 3609 728 3674 inquit.
749 3610 866 3659 mallem:
917 3609 1036 3674 parative.
1070 3609 1095 3657 It
1112 3625 1173 3673 goes
1192 3624 1261 3658 more
1278 3607 1370 3671 closely
1381 3607 1444 3656 with
1454 3611 1494 3658 ob-

289 3689 347 3722 nam
366 3674 466 3722 memini
489 3676 565 3724 etiam
585 3691 649 3740 quae
666 3676 734 3733 nolo,
752 3675 866 3727 oblivisci
916 3677 997 3734 livisci,
1009 3675 1070 3724 than
1080 3674 1141 3723 with
1152 3676 1283 3736 optabilius.

288 3754 338 3787 non
349 3755 451 3802 possum
462 3755 525 3802 quae
537 3740 613 3790 volo.⁸
952 3755 988 3789 11.
1007 3743 1210 3789 Themistocli:
1236 3755 1275 3808 cp,
1298 3746 1357 3788 note
1385 3753 1418 3788 on
1445 3741 1494 3789 Dr·

323 3818 345 3865 5.
363 3808 489 3854 Videsne
502 3822 506 3853 :
526 3811 597 3869 §157
611 3807 700 3868 (note).
916 3808 1034 3863 mostlreni,
1046 3807 1062 3856 i.
1078 3819 1115 3869 19.
1129 3807 1168 3854 88.

322 3867 346 3917 6.
363 3884 448 3926 quam
468 3877 570 3927 potens
587 3872 649 3921 with
672 3890 741 3934 meus,
761 3882 806 3923 not
826 3873 865 3936 (as
951 3870 989 3920 16.
1006 3875 1124 3928 nequid
1140 3875 1272 3926 offendas,
1291 3869 1361 3919 ‘that
1373 3885 1423 3933 yon
1434 3886 1494 3934 may

289 3932 355 3992 Pid.)
369 3933 430 3982 with
441 3937 482 3983 vis.
915 3943 959 3985 not
981 3937 1054 3986 make
1077 3953 1125 4001 any
1141 3935 1222 4000 slip:’
1251 3937 1308 3998 quid
1325 3935 1346 3984 is
1364 3935 1495 3984 adverbial

324 4008 346 4058 7.
365 4014 527 4058 possemus;
545 4003 692 4052 occasioned
708 4004 743 4067 by
754 4003 795 4052 the
812 4018 865 4065 pre·
886 4031 890 4040 ·
917 4002 1037 4065 (Roby‚§
1055 4005 1144 4066 1094):
1163 4004 1268 4066 ‹pferdas
1285 4003 1386 4050 intrans,

289 4063 378 4126 oeding
385 4065 477 4127 perfect
485 4067 547 4114 with
557 4067 599 4116 the
611 4067 677 4117 force
690 4068 719 4116 of
727 4085 759 4116 an
771 4069 846 4116 aorist
858 4085 863 4116 :
943 4083 979 4117 ns
994 4083 1050 4125 quo
1065 4065 1164 4123 irruas,
1182 4067 1250 4116 ‘that
1261 4083 1311 4129 you
1322 4081 1381 4130 may
1391 4073 1436 4114 not
1447 4083 1493 4115 run

285 4131 399 4191 possimus
416 4130 437 4178 is
454 4131 530 4178 found
548 4133 606 4195 only
617 4134 642 4181 in
655 4148 669 4194 3
682 4134 781 4182 inferior
792 4132 864 4182 MSS.
914 4148 976 4196 your
989 4133 1053 4182 head
1064 4133 1162 4196 against
1180 4132 1300 4196 anything
1309 4132 1332 4193 3’
1352 4149 1367 4180 a
1379 4139 1494 4196 stronger

288 4194 392 4244 Ellendt
403 4212 459 4258 says
471 4196 502 4246 he
513 4198 597 4245 would
608 4197 671 4247 have
683 4198 805 4261 preferred
822 4198 864 4247 the
915 4199 1056 4262 expression
1069 4197 1129 4247 than
1137 4199 1248 4261 offendm

288 4261 863 4325 presentisithadmoreauthorityinitsfavour:
951 4265 988 4312 18.
1007 4267 1143 4319 advocati,
1167 4269 1328 4326 ‘supporters
1343 4259 1368 4310 :'
1399 4267 1412 4324 5
1443 4263 1493 4325 283

288 4327 334 4374 but
359 4342 398 4390 cp.
416 4329 502 4388 above,
523 4333 535 4388 §
560 4330 583 4388 8,
602 4329 650 4378 and
668 4329 791 4377 Kiihner’s
806 4335 865 4378 note
916 4328 1008 4391 (note).

289 4405 321 4438 on
338 4391 410 4444 Tusc.
424 4393 439 4442 i.
452 4410 475 4456 4.
491 4393 556 4452 y‘in
573 4410 648 4458 quarn
664 4394 865 4443 exercitationem
950 4408 988 4456 ²5·
1005 4399 1078 4454 ideo,
1095 4394 1171 4443 ‘does
1188 4394 1208 4443 it
1228 4393 1314 4442 follow
1331 4393 1414 4442 that:’
1434 4399 1493 4458 §37

288 4454 325 4504 ita
343 4471 389 4506 nos
406 4459 515 4508 studiose
535 4460 654 4514 dedimus,
670 4466 698 4507 ut
720 4460 771 4508 iam
788 4460 865 4508 etiam
916 4463 962 4508 ‘eo
973 4477 979 4508 τ
990 4458 997 4478 ’
1009 4476 1055 4523 pro
1067 4460 1136 4510 Cael.
1149 4475 1172 4524 9.
1188 4473 1216 4507 21
1232 4464 1339 4508 ‘vestrae
1356 4458 1495 4522 sapientiae

288 4519 386 4571 scholas
404 4524 555 4574 Graecorum
571 4540 641 4575 more
657 4524 748 4574 habere
765 4526 865 4574 audere·
914 4532 959 4580 est,
971 4525 1072 4581 iudices,
1087 4541 1144 4580 non.
1160 4526 1182 4574 si
1200 4541 1274 4574 causa
1295 4526 1360 4573 iusta
1379 4532 1417 4573 est
1434 4525 1496 4574 viris

288 4587 359 4638 mus.¹
914 4589 1020 4640 fortibus
1028 4590 1413 4654 oppugnandiM.Caelium‚ideo
1421 4591 1495 4638 vobis

291 4691 294 4698 .
321 4667 345 4718 9.
363 4655 467 4712 potius,
491 4656 628 4708 redundant
649 4655 714 4718 after
733 4655 775 4706 the
796 4671 863 4709 eom·
914 4670 1011 4721 quoque
1020 4673 1064 4706 vos
1075 4671 1176 4706 cansam
1188 4667 1277 4721 putare
1288 4671 1342 4706 esse
1352 4653 1463 4706 iustam.'
