3286 5036
562 469 634 534 DE
659 470 754 535 ΘΚΑ
764 471 795 535 T
797 470 896 535 ORE
918 471 969 534 II.
1021 469 1023 476 ’
1308 486 1371 556 347

173 657 268 723 multi
283 668 316 722 et
331 678 431 741 saepe
446 658 679 737 committunt3
702 681 769 742 quo
783 660 919 741 quidem
937 658 1016 722 mihi
1032 659 1158 741 turpius
1173 657 1276 723 videri
1292 657 1373 721 nihil

172 762 266 837 solet,
294 783 395 844 quam
427 783 503 826 cum
535 784 579 826 ex
612 764 751 826 oratoris
777 765 867 827 dicto
898 764 1010 845 aliquo
1037 773 1095 827 aut
1124 783 1281 845 responso
1314 771 1374 826 aut

172 874 289 948 rogato
312 886 419 928 sermo
436 866 490 929 ille
505 868 671 948 sequitur:
695 863 852 932 ‘occidit'
887 864 1225 930 ‘Adversariumnei'
1242 868 1372 930 ‘Immo

110 961 158 1029 ⁷5
170 966 267 1032 vero'
281 970 374 1032 aiunt
395 973 449 1032 ‘se
468 979 502 1034 et
522 991 606 1048 eum,
622 990 722 1052 quem
741 966 910 1034 defendit!
948 970 1024 1034 Hoc
1042 969 1178 1033 Crassus
1195 991 1261 1033 non
1277 979 1373 1051 putat

103 1047 157 1092 ³⁰³
171 1073 233 1135 nisi
249 1072 385 1154 perfidia
397 1073 545 1138 accidere
557 1094 653 1155 posse
665 1097 672 1150 3
696 1094 759 1155 ego
775 1082 888 1136 autem
901 1074 1094 1155 saepissime
1105 1073 1201 1138 video
1217 1075 1250 1136 in
1266 1074 1372 1136 causis
1386 1090 1400 1140 5

169 1176 293 1257 aliquid
318 1179 395 1242 mali
419 1178 526 1241 lacere
550 1176 700 1240 homines
723 1176 858 1240 minime
882 1176 997 1240 malos.
1044 1177 1143 1259 Quid,
1169 1176 1259 1255 illud,
1281 1179 1372 1258 quod

170 1300 269 1362 supra
285 1283 365 1360 dixi,
380 1281 485 1345 solere
501 1301 554 1345 me
569 1279 685 1343 cedere
700 1291 744 1354 et,
761 1290 798 1344 ut
813 1280 944 1361 planius
959 1281 1076 1354 dicam,
1093 1279 1207 1362 lugere
1223 1301 1270 1358 ea,
1286 1300 1372 1360 quae

169 1384 267 1448 valde
283 1406 415 1450 causam
432 1405 540 1448 meam
564 1394 760 1466 premerent,
780 1404 855 1447 curn
879 1384 912 1447 id
936 1403 1002 1447 non
1024 1383 1148 1446 faciunt
1168 1383 1223 1446 alii
1239 1404 1372 1447 versan-

169 1496 288 1571 turque
311 1490 344 1553 in
367 1490 512 1553 hostium
535 1489 650 1552 castris
673 1508 711 1552 ac
734 1507 793 1551 sua
815 1487 978 1568 praesidia
1000 1489 1182 1563 dimittunt,
1200 1488 1371 1551 mediocri-

169 1600 262 1656 terne
273 1593 379 1656 causis
389 1602 518 1670 nocent,
530 1610 606 1655 curn
621 1600 678 1654 aut
694 1590 956 1654 adversariorum
968 1592 1161 1655 adiumenta
1173 1591 1371 1655 confirmant
1386 1612 1417 1648 10

99 1715 155 1762 304
168 1704 227 1759 aut
249 1717 296 1771 ea,
321 1717 405 1777 quae
428 1715 543 1758 sanare
566 1702 744 1776 nequeunt,
767 1691 983 1757 exulcerant?
1029 1694 1130 1776 Quid,
1156 1714 1231 1756 cum
1258 1715 1370 1776 perso*

168 1820 293 1876 narum,
309 1821 392 1882 quas
409 1798 600 1872 defendunt,
616 1798 779 1860 rationem
795 1817 860 1859 non
882 1796 1014 1875 habent,
1030 1798 1066 1875 si,
1082 1818 1166 1879 quae
1181 1806 1259 1860 sunt
1274 1798 1314 1859 in'
1323 1799 1370 1860 eis

167 1903 337 1980 invidiosa,
354 1924 418 1967 non
443 1903 597 1984 mitigant
620 1901 843 1976 extenuando,
868 1902 925 1964 sed
950 1901 1119 1964 laudando
1145 1910 1178 1964 et
1203 1900 1369 1966 efferendo

167 2006 376 2070 invidiosiora
398 2006 532 2084 iaciunt,
547 2013 709 2087 quantum
733 2005 836 2068 estin
858 2026 897 2068 eo
918 2006 1055 2067 tandem
1074 2003 1174 2069 mali?
1220 2003 1319 2085 Quid,
1341 2006 1368 2070 si

169 2111 202 2173 in
218 2110 369 2173 homines
394 2129 487 2174 caros
505 2107 733 2189 iudicibusque
750 2109 911 2170 iucundos
933 2109 1003 2171 sine
1018 2107 1085 2171 ulla
1107 2106 1368 2190 praemunitione
1384 2130 1413 2180 15

167 2215 325 2277 orationis
340 2212 489 2276 acerbius
505 2221 538 2275 et
554 2211 825 2275 contumeliosius
843 2211 1009 2289 invehare,
1024 2231 1133 2274 nonne
1151 2231 1171 2274 a
1191 2220 1224 2275 te
1245 2211 1368 2276 iudices

98 2331 153 2384 aaa
167 2314 355 2380 abalienes?
399 2316 499 2398 Quid,
522 2316 559 2393 si,
581 2335 667 2396 quae
687 2315 767 2377 vitia
790 2323 846 2378 aut
868 2315 1079 2378 incommoda
1102 2323 1179 2377 sunt
1201 2315 1234 2376 in
1256 2313 1367 2396 aliquo

166 2420 273 2484 iudice
288 2441 353 2483 uno
369 2429 427 2483 aut
443 2419 598 2502 pluribus,
619 2438 659 2481 ea
677 2427 713 2481 tu
729 2419 763 2480 in
778 2419 971 2481 adversariis
988 2418 1221 2500 exprobrando
1236 2438 1303 2480 non
1318 2418 1367 2481 in-

166 2523 304 2606 tellegas
320 2532 354 2587 te
369 2523 402 2585 in
418 2523 542 2586 iudices
557 2521 675 2600 invehi,
692 2523 895 2586 mediocrene
906 2531 1079 2605 peccatum
1096 2522 1168 2586 esti
1214 2520 1315 2602 Quid,
1328 2521 1365 2598 si,

164 2647 240 2690 curn
261 2647 321 2709 pro
343 2627 447 2690 altero
470 2626 569 2704 dicas,
589 2626 682 2689 litem
705 2635 798 2690 tuam
817 2625 916 2694 facias
937 2635 996 2690 aut
1018 2625 1127 2688 laesus
1148 2613 1283 2688 efferare
1304 2624 1368 2688 ira·
1382 2653 1414 2692 ao

180 2823 203 2872 3.
219 2820 303 2874 rogaro
315 2808 366 2860 ΚΒ.
377 2816 435 2874 post
447 2808 621 2874 Madvigium:
640 2810 912 2926 rogppdeoffichodd.
924 2810 1054 2876 plerisque.
1156 2811 1194 2861 18.
1205 2811 1231 2858 in
1243 2810 1280 2860 PS
1292 2825 1349 2860 cum

200 3038 221 3073 1.
238 3039 294 3082 quo
312 3026 600 3082 quidem...quam:
619 3040 655 3085 op.
676 3030 688 3085 5
708 3027 738 3087 38
825 3040 862 3075 rr.
880 3028 1126 3083 quaesuntineis
1141 3027 1366 3089 invidioso,‘any

165 3091 254 3154 (note).
790 3091 931 3155 unpopular
942 3091 1065 3141 features!

163 3161 345 3269 sor3'thleosgalllg>
354 3153 738 3284 oisocrolllgrlillljeilleillhaltlllegjllgz
824 3168 862 3283 ij.
879 3161 1200 3280 ffighmhlif‘desecs:

164 3286 254 3348 ceding
264 3284 409 3349 participles
421 3285 513 3348 (Roby
528 3290 541 3345 5
555 3285 640 3347 1406).
828 3286 866 3336 18.
894 3291 1091 3344 exprobrando
1115 3302 1174 3336 non
1196 3289 1363 3344 intellegas:

197 3367 221 3414 4.
239 3355 328 3410 aiunt,
349 3350 429 3420 rarely
451 3351 511 3400 used
554 3349 739 3414 arentbetically
789 3351 893 3414 Roby,§
909 3352 980 3415 1384·
1005 3353 1053 3401 We
1065 3352 1154 3401 should
1163 3368 1232 3401 more
1241 3353 1364 3415 naturally

163 3416 270 3466 without
278 3424 320 3464 ut:
336 3415 363 3464 in
372 3416 415 3466 Or.
426 3429 462 3463 11.
472 3414 524 3478 36⁴
589 3417 614 3466 io
622 3416 739 3472 delector,
789 3416 863 3466 make
870 3419 911 3467 the
919 3417 1011 3467 former
1018 3417 1060 3467 the
1068 3418 1135 3467 main
1143 3419 1212 3467 verb:
1226 3421 1286 3482 ‘you
1293 3424 1364 3467 taunt

163 3483 200 3531 ait
218 3481 348 3545 quispiam,
360 3481 427 3544 quod
444 3497 494 3530 non
517 3480 622 3530 discedit
640 3499 655 3530 a
673 3497 738 3530 com·
789 3499 851 3546 your
861 3489 1000 3546 opponents
1011 3483 1072 3532 with
1083 3484 1159 3538 these,
1167 3483 1273 3532 without
1280 3484 1363 3546 seeing

163 3547 232 3596 muni
253 3563 323 3596 more
343 3547 491 3596 verborum:
520 3547 637 3604 Pacuvio,
659 3546 739 3611 inquit
790 3546 938 3608 that,'eto.;
956 3563 1024 3597 more
1041 3548 1245 3611 literally‘while
1261 3548 1364 3612 making

74 3647 80 3660 .
164 3609 243 3668 alius,'
262 3619 316 3671 etc,
335 3612 356 3660 it
375 3612 396 3660 is
414 3611 540 3660 doubtless
559 3612 691 3678 employed
711 3618 738 3662 to
789 3615 986 3663 theseamatter
997 3613 1026 3663 ol
1039 3613 1158 3676 reproach
1169 3614 1194 3662 in
1211 3613 1252 3662 the
1264 3629 1320 3662 case
1338 3613 1367 3661 ol

164 3677 240 3727 avoid
251 3678 292 3726 the
304 3677 435 3741 repetition
453 3677 482 3725 ol
495 3679 575 3740 inquit,
608 3677 663 3726 The
680 3677 739 3741 only
788 3693 851 3742 your
865 3680 1020 3744 opponents.'
1064 3679 1119 3727 The
1146 3679 1229 3728 dative
1251 3679 1272 3728 is
1295 3694 1364 3729 more

164 3744 236 3792 other
257 3743 366 3792 instance
388 3741 480 3806 quoted
507 3742 572 3791 from
595 3743 684 3793 Cicero
706 3743 739 3807 by
789 3759 906 3794 common
927 3744 990 3793 aiter
1011 3745 1169 3805 exprobrare:
1198 3745 1244 3795 but
1257 3760 1296 3808 cp.
1318 3744 1362 3796 Or.

164 3809 268 3858 Kiihner
288 3809 324 3868 rii.
339 3809 413 3869 10²5)
432 3807 454 3855 is
472 3807 504 3857 ad
524 3809 594 3857 Faria
611 3808 637 3857 ii.
657 3822 696 3858 10.
714 3822 737 3857 2.
789 3809 813 3857 8.
841 3808 872 3858 26
898 3809 938 3858 'in
963 3809 1012 3858 hoc
1039 3810 1120 3874 ipso.
1145 3847 1151 3860 .
1178 3847 1183 3858 .
1207 3809 1363 3874 reprehendit

163 3874 188 3923 It
199 3875 221 3923 is
232 3889 301 3922 more
312 3889 426 3922 common
438 3873 463 3920 in
475 3872 518 3922 the
530 3880 608 3937 poets.
788 3875 924 3924 Aeschines
946 3873 1085 3939 quaedam?
1129 3875 1210 3924 There
1235 3875 1295 3924 does
1317 3882 1363 3926 not

189 3938 212 3988 6.
218 3939 311 3996 Quid?
322 3942 394 3987 illud
399 3942 482 3996 quod,
488 3945 547 3988 ete:
557 3939 643 3987 illudis
648 3937 738 4002 simply
788 3956 855 3989 seem
867 3948 894 3989 to
911 3941 943 3989 be
960 3940 1081 3989 sufficient
1097 3956 1185 3990 reason
1196 3941 1235 3990 lor
1246 3940 1364 4005 rejecting

164 4004 329 4068 anticipatory
341 4004 370 4051 of
381 4003 422 4052 the
433 4005 465 4061 id,
476 4003 558 4052 which
570 4005 591 4052 is
603 4003 645 4052 the
656 4003 738 4065 object
787 4007 819 4061 in,
839 4021 866 4054 as
886 4007 932 4055 has
951 4006 1013 4055 been
1034 4006 1099 4056 done
1118 4007 1152 4070 by
1174 4022 1248 4070 many
1270 4005 1363 4056 editors

164 4069 295 4131 olfaciunt.
331 4070 381 4117 For
397 4071 453 4134 quid
468 4069 738 4132 introducingalively
787 4071 854 4122 since
866 4072 1010 4121 Lambinus.

163 4134 296 4184 rhetorical
307 4135 419 4198 question
432 4150 470 4199 cp.
485 4135 501 4182 i.
515 4140 544 4194 ξς
557 4145 597 4197 37,
610 4149 649 4198 39,
683 4134 738 4184 The
823 4151 853 4200 19
879 4140 1064 4187 mediocrener
1081 4135 1170 4186 Ihave
1181 4136 1302 4187 admitted
1320 4137 1362 4188 the

164 4208 276 4250 sentence
293 4201 315 4250 is
331 4200 386 4249 best
402 4199 497 4249 broken
514 4216 548 4264 up
565 4200 619 4248 into
636 4207 686 4249 two
700 4200 738 4248 for
787 4217 832 4262 -ne,
845 4201 899 4252 first
910 4202 991 4250 added
1002 4203 1036 4265 by
1050 4202 1130 4263 Sorof,
1143 4209 1187 4252 not
1199 4220 1225 4252 as
1240 4203 1316 4266 being
1327 4203 1363 4250 in-

164 4266 327 4315 translation:
343 4266 370 4314 ‘I
382 4265 437 4313 said
444 4265 496 4328 just
512 4281 569 4314 now
586 4266 641 4332 that
658 4266 671 4314 1
686 4282 737 4316 was
787 4267 953 4332 dispeusable,
965 4268 1011 4316 but
1024 4283 1051 4316 as
1064 4268 1172 4332 keeping
1182 4284 1217 4332 up
1228 4269 1308 4317 better
1320 4267 1363 4318 the

164 4337 234 4380 wont
252 4338 279 4380 to
297 4332 353 4395 give
376 4346 439 4392 way,
459 4331 508 4379 and
526 4339 553 4380 to
570 4331 646 4394 speak
669 4347 738 4380 more
787 4333 939 4397 parallelism
950 4333 979 4382 ol
987 4333 1029 4382 the
1040 4334 1139 4382 various
1151 4333 1252 4382 clauses.
1375 4340 1377 4344 ⁴

163 4396 268 4459 plainly,
286 4404 313 4445 to
329 4412 373 4444 run
390 4411 460 4458 away
477 4397 541 4446 from
557 4397 640 4460 points
655 4396 737 4446 which
822 4412 861 4448 ao.
879 4413 944 4448 oum
955 4401 1046 4447 dions:
1059 4399 1100 4447 the
1109 4397 1170 4460 subj.
1182 4399 1203 4445 is
1212 4397 1271 4460 only
1279 4397 1362 4447 dueto

164 4461 218 4510 told
228 4461 327 4525 heavily
336 4462 434 4524 against
446 4478 487 4524 my
497 4477 566 4511 case:
583 4462 639 4510 well
648 4465 654 4511 1
666 4461 736 4510 when
788 4463 830 4512 the
839 4463 971 4512 attraction
980 4463 1008 4512 ol
1013 4463 1055 4511 the
1062 4463 1203 4525 subjfocias
1213 4479 1218 4511 :
1231 4463 1361 4512 otherwise

162 4527 247 4575 others
264 4527 297 4575 do
320 4533 364 4575 not
387 4527 421 4575 do
444 4527 501 4578 this.
523 4528 571 4576 and
590 4527 649 4576 take
669 4542 736 4590 upa
787 4545 825 4578 we
836 4529 925 4577 should
937 4528 999 4576 have
1008 4528 1059 4576 had
1067 4528 1109 4577 the
1117 4528 1190 4578 indic.
1200 4543 1228 4578 as
1239 4529 1327 4578 above.

161 4591 270 4656 position
282 4592 307 4639 in
327 4591 370 4641 the
385 4591 531 4655 stronghold
543 4593 572 4641 of
584 4591 625 4641 the
642 4608 736 4656 enemy,
819 4597 900 4642 litem
914 4599 993 4642 tuam
1015 4595 1110 4658 facias,
1134 4601 1198 4658 ‘you
1220 4593 1292 4646 make
1318 4592 1361 4648 the

160 4657 211 4708 and
222 4656 329 4707 disband
340 4657 404 4708 their
415 4673 471 4708 own
483 4658 578 4721 forces,'
589 4664 637 4710 etc.
786 4659 883 4724 quarrel
893 4674 955 4722 your
965 4656 1037 4708 own.⁸

720 4756 808 4809 ΑΗ
