3310 5040
532 501 535 509 .
574 473 645 540 DE
676 475 908 542 ORATORE
937 477 989 542 II.
1325 497 1387 562 209

185 663 279 729 licet'
309 664 415 764 inquit
446 665 515 728 ‘vel
548 665 706 730 molestos
739 677 977 748 putes—cum
1012 667 1055 732 ad
1087 689 1142 732 me
1171 665 1204 732 in
1227 667 1387 734 Tuscula·
1405 659 1637 775 (4er

186 767 279 832 num'
310 771 417 851 inquit
447 768 533 834 ‘heri
561 771 688 852 vesperi
714 771 858 834 venisset
884 770 1007 834 Caesar
1033 773 1076 836 de
1101 773 1290 837 Tusculano
1316 795 1387 845 suo,
1420 781 1467 867 3,
1488 801 1566 862 Ἡ,
1582 785 1619 854 ς»

185 875 273 938 dixit
289 872 368 936 mihi
383 895 404 936 a
419 895 454 937 se
477 873 671 939 Scaevolam
690 874 767 938 hinc
789 884 923 938 euntem
943 897 1014 939 esse
1038 888 1245 956 conventum,
1262 900 1305 941 ex
1321 899 1388 960 quo

186 979 268 1040 mira
291 978 455 1060 quaedam
478 999 515 1041 se
536 981 666 1042 audisse
693 979 845 1058 dicebat;
871 989 914 1057 te,
937 974 1037 1062 quern
1062 1002 1124 1063 ego
1151 983 1273 1046 totiens
1298 982 1388 1044 omni

184 1082 310 1143 ratione
336 1090 504 1163 temptans
530 1083 573 1145 ad
601 1083 837 1164 disputandum
865 1081 981 1148 elicere
1008 1104 1074 1147 non
1100 1087 1291 1166 potuissem,
1316 1093 1416 1167 per-⁵

185 1185 290 1248 multa
316 1187 359 1250 de
386 1185 575 1268 eloquentia
601 1207 677 1250 curn
703 1185 855 1250 Antonio
882 1187 1075 1252 disseruisse
1100 1199 1134 1252 et
1159 1198 1330 1273 tamquam
1355 1192 1389 1253 in
1488 1170 1491 1180 ¹

138 1302 173 1348 14
185 1290 299 1352 schola
320 1310 423 1372 prope
443 1290 1012 1388 adeQQQudimm
1034 1293 1239 1374 disputasse:
1267 1295 1312 1356 ita
1336 1314 1389 1356 me

185 1396 286 1458 frater
305 1396 456 1458 exoravit
478 1415 519 1458 ne
534 1397 643 1476 ipsum
661 1396 795 1476 quidem
812 1415 832 1457 a
848 1396 960 1459 studio
981 1397 1137 1460 audiendi
1154 1398 1250 1459 nimis
1271 1397 1389 1460 abhor-

187 1509 323 1576 rentem,
335 1500 393 1563 sed
410 1499 596 1563 mehercule
606 1508 785 1576 verentem,
799 1519 841 1562 ne
858 1498 990 1563 molesti
1002 1500 1097 1563 vobis
1112 1500 1390 1578 interveniremus,

189 1614 226 1668 ut
254 1603 318 1667 huc
345 1624 456 1667 secum
483 1606 648 1680 venirem;
680 1605 803 1666 etenim
830 1601 1027 1666 Scaevolam
1057 1606 1104 1668 ita
1132 1606 1240 1668 dicere
1269 1605 1389 1679 aiebat,
1406 1619 1437 1655 10

188 1709 309 1771 bonam
326 1718 454 1789 partem
478 1709 637 1771 sermonis
660 1709 693 1770 in
715 1707 802 1770 hunc
825 1709 912 1772 diem
930 1729 1002 1770 esse
1017 1705 1286 1786 dilatamil'uHoc
1308 1720 1343 1773 tu
1363 1711 1390 1772 si

190 1813 341 1894 cupidius
375 1811 500 1875 factum
534 1813 715 1887 existimas,
749 1811 882 1875 Caesari
922 1813 1101 1892 attribues;
1135 1815 1161 1876 si
1192 1814 1391 1892 familiarius

192 1917 322 1997 utrique
346 1925 516 1993 nostrum3
540 1937 600 1978 nos
627 1917 770 1997 quidem,
795 1918 857 1980 nisi
882 1915 967 1980 forte
994 1917 1123 1981 molesti
1148 1918 1392 1994 intervenimus

151 2020 320 2086 4venisse
335 2015 499 2084 delectat!
537 2019 624 2083 Tum
637 2020 774 2084 Crassus
787 2021 966 2101 ‘equidem
978 2042 1204 2103 quaecumque
1219 2043 1278 2084 vos
1294 2042 1392 2085 causa

143 2109 256 2187 15huc
285 2124 459 2210 attulisset,
486 2123 633 2198 laetarer,
661 2144 737 2187 cum
763 2125 852 2206 apud
880 2145 934 2187 me
958 2125 1104 2188 viderem
1131 2125 1281 2190 homines
1312 2125 1392 2189 mihi
1408 2145 1437 2196 15

190 2231 377 2292 carissimos
412 2238 446 2294 et
481 2231 717 2307 amicissimos3
749 2230 807 2293 sed
841 2238 964 2306 tamen,
994 2250 1070 2292 vere
1104 2230 1222 2308 dicam,
1257 2232 1392 2312 quaevis

191 2333 326 2395 mallem
347 2332 468 2406 fuisset,
488 2353 588 2414 quam
605 2335 676 2402 ista.
698 2354 799 2414 quarn
816 2333 905 2398 dicis,
950 2333 1026 2414 Ego
1050 2333 1146 2410 enim,
1163 2343 1208 2411 ut,
1230 2333 1391 2415 quemad

191 2437 329 2498 modum
358 2437 508 2514 sentiam,
532 2436 655 2518 loquar,
678 2457 858 2518 numquam
883 2435 962 2499 mihi
988 2438 1095 2500 minus
1119 2457 1218 2518 quam
1237 2436 1392 2502 hesterno

192 2541 246 2604 die
269 2540 396 2622 placui3
420 2541 525 2622 magis
544 2542 632 2628 adeo
659 2543 693 2604 id
717 2541 874 2606 facilitate
899 2561 1000 2623 quam
1023 2541 1088 2604 alia
1110 2541 1177 2604 ulla
1198 2542 1296 2625 culpa
1319 2563 1395 2642 Q.

192 2645 339 2726 contigit,
369 2643 435 2726 qui,
467 2646 546 2708 dum
585 2645 750 2726 obsequor
778 2645 1053 2723 adulescentibus,
1085 2667 1140 2716 me
1174 2667 1288 2725 senem
1322 2668 1393 2711 esse
1409 2671 1439 2706 ιο

382 2734 425 2821 '1-
440 2713 984 2834 inqumr-dt5‘'⁴‘c
1029 2702 1158 2762 ‘was‘
1189 2725 1266 2778 ΝΜ·
1295 2735 1455 2789 ‘stione
1483 2759 1487 2769 ‚
1523 2715 1548 2788 ,Ι

820 2801 828 2828 v
881 2788 919 2836 14.
936 2775 1028 2837 quaevis
1039 2790 1110 2822 causa
1122 2775 1142 2822 B
1153 2775 1178 2824 b.

230 2893 250 2930 1.
262 2883 339 2938 licet,
350 2883 460 2938 inquit:
484 2881 534 2930 Eli.
543 2881 631 2931 strikes
644 2889 688 2931 out
699 2881 772 2945 inquit
815 2881 845 2931 of
847 2881 978 2937 vividness¹
989 2897 1015 2930 as
1023 2881 1086 2930 after
1094 2881 1187 2929 memini
1192 2899 1197 2930 :
1209 2881 1290 2946 Roby,
1300 2885 1391 2945 §137a

194 2947 259 3007 here,
272 2946 298 2995 in
309 2963 475 3012 consequence
487 2947 516 2996 of
529 2947 571 2995 the
582 2947 693 3012 frequent
705 2964 771 3012 repe·
815 2948 926 2997 Caesar’s
943 2948 1022 2996 words
1040 2954 1066 2996 to
1083 2946 1122 2996 his
1139 2947 1239 2997 brother
1254 2948 1340 2997 would
1360 2949 1392 2999 be

195 3013 268 3062 tition
292 3013 321 3062 of
339 3012 382 3061 the
399 3013 476 3062 word.
519 3013 543 3060 lt
564 3013 585 3060 is
608 3014 724 3076 repeated
746 3015 771 3062 in
814 3012 948 3062 ‘Scaevola
960 3012 1016 3061 tells
1027 3014 1083 3064 me.'

197 3082 279 3144 5298,
298 3080 343 3127 but
360 3078 418 3141 only
435 3093 511 3126 once:
534 3079 583 3126 and
600 3078 718 3142 certainly
730 3079 772 3128 the
852 3093 887 3128 11.
905 3082 1008 3126 bonam
1016 3084 1132 3136 partam,
1148 3081 1178 3128 ‘a
1188 3078 1257 3142 good
1265 3078 1338 3142 part,'
1349 3077 1390 3130 i.e.

194 3144 279 3193 fourth
296 3160 435 3194 recurrence
453 3143 482 3192 of
494 3143 536 3191 the
548 3145 616 3192 word
629 3143 703 3193 could
713 3143 772 3194 well
814 3159 830 3192 a
841 3143 909 3206 good
922 3143 992 3192 deal:
1011 3160 1049 3207 cp.
1064 3144 1125 3192 Hor.
1139 3143 1190 3193 Sat.
1202 3145 1218 3191 i.
1233 3156 1254 3193 1.
1266 3143 1296 3192 61
1310 3143 1391 3193 ‘bona

195 3209 226 3259 be
243 3211 338 3274 spared.
373 3211 398 3259 It
410 3225 454 3260 cau
467 3206 525 3272 only
537 3209 569 3256 be
581 3209 701 3257 defended
715 3211 773 3259 here
814 3224 871 3272 pars
893 3206 1053 3258 bominum:’
1079 3208 1104 3256 in
1123 3209 1179 3260 Ter.
1201 3209 1264 3258 Eun.
1288 3224 1333 3272 1²3
1352 3226 1391 3258 we

193 3277 279 3339 hythe
291 3276 451 3342 parenthesis,
465 3274 514 3325 and
532 3273 615 3338 hythe
633 3274 773 3324 endeavour
814 3273 876 3322 have
893 3275 999 3322 ‘bonam
1020 3290 1184 3339 magnamque
1203 3281 1299 3340 partem
1316 3276 1348 3324 ad
1366 3282 1391 3324 te

193 3349 220 3390 to
229 3343 292 3409 keep
304 3360 362 3408 upa
373 3341 482 3393 familiar
494 3350 558 3391 tone.
594 3339 628 3390 So
640 3343 713 3390 dixit
725 3377 730 3391 .
744 3378 750 3392 .
763 3378 769 3390 .
814 3337 921 3391 adtulit.’

192 3409 313 3460 dicebat.
850 3419 888 3468 13.
905 3409 963 3454 nisi
978 3409 1052 3455 forte
1064 3409 1173 3456 molesti
1185 3410 1390 3456 intervenimus

228 3491 249 3524 a.
266 3479 343 3525 heri:
368 3491 405 3540 cp.
418 3474 521 3539 Quintil.
539 3475 554 3523 i.
574 3484 595 3538 7.
615 3486 644 3522 2²
658 3475 771 3525 “‘heri”
813 3469 835 3519 is
846 3471 1029 3521 characteristic
1046 3473 1075 3521 of
1088 3473 1130 3523 the
1141 3472 1228 3536 kindly
1239 3480 1352 3535 courtesy
1364 3471 1395 3521 of

191 3559 257 3592 nunc
279 3558 293 3591 e
315 3541 399 3591 littera
419 3542 591 3590 terminamus:
615 3547 641 3590 at
660 3549 770 3590 veterum
814 3536 932 3586 Catulus:
950 3538 1044 3586 Introd.
1056 3554 1080 3602 p.
1096 3553 1133 3599 24.

192 3609 344 3658 comicorum
361 3608 442 3656 adhuc
455 3608 524 3657 libris
539 3607 636 3656 invenio
649 3607 721 3656 “heri
738 3609 771 3657 ad
849 3614 887 3666 15·
904 3606 1054 3666 attuliffloi·
1074 3604 1268 3666 &by-§1778-

192 3690 233 3723 me
243 3671 331 3722 venit’'
345 3673 413 3738 [Ter.
425 3673 525 3722 Phorm.
540 3671 576 3736 6],
588 3672 655 3737 quod
666 3673 732 3722 idem
743 3673 768 3722 in
849 3672 886 3716 16.
903 3683 968 3716 vere
978 3671 1076 3717 dicam.
1102 3670 1189 3718 Cicero
1197 3668 1288 3716 almost
1297 3665 1390 3732 always

192 3739 304 3803 epistulis
316 3739 431 3803 Augusti,
444 3754 505 3803 quas
522 3753 566 3787 sua
583 3754 657 3787 manu
672 3739 770 3803 scripsit
812 3747 867 3781 uses
881 3732 922 3780 the
934 3733 1015 3783 future
1031 3734 1057 3782 in
1072 3735 1134 3782 such
1146 3733 1261 3798 phrases:
1280 3748 1320 3782 see
1331 3742 1390 3784 note

192 3814 235 3854 aut
250 3805 398 3861 emendavit,
409 3803 630 3867 deprehenditurz'
652 3805 687 3854 ih.
696 3804 712 3853 i.
722 3806 769 3864 4.8
813 3813 845 3846 on
856 3798 872 3848 i.
887 3812 925 3848 ar.
938 3799 977 3862 98.

194 3873 234 3919 ‘in
245 3871 325 3919 “here
334 3869 348 3891 ''
360 3885 438 3933 neque
448 3870 543 3933 eplane
551 3869 644 3932 nequei
655 3869 767 3919 auditur)
848 3876 885 3927 19.
903 3868 1001 3923 aclea]
1009 3863 1034 3913 in
1043 3864 1308 3977 ¹fgetss‘seassyssLiv.
1321 3865 1352 3915 iv.
1366 3879 1390 3916 a.

227 3947 249 3996 5.
267 3940 381 3984 oliooro:
398 3951 436 3999 cp.
447 3935 463 3986 i,
476 3948 513 3984 21.
527 3943 558 3999 97
571 3935 688 3983 ‘verbum
699 3951 769 3984 exeo
815 3941 825 3977 1
840 3927 881 3977 ‘id
893 3929 956 3978 adeo
967 3945 1017 3978 uon
1027 3946 1045 3994 p
1055 3931 1108 3979 ehis
1120 3946 1194 3994 quam
1202 3937 1300 3994 patrum
1312 3945 1390 3994 neque

194 4003 308 4063 (Crasso)
327 4016 451 4064 nunquam
468 3999 555 4049 elicere
573 4001 644 4065 potui
656 4001 688 4049 de
698 4001 723 4048 vi
739 4016 769 4050 ac
811 3995 965 4044 tribunorum
982 3996 1062 4060 magis
1078 4013 1154 4062 quam
1171 3996 1300 4047 consulum
1315 3996 1391 4061 culpa

192 4068 287 4117 ratione
298 4066 403 4125 dicendi,
415 4082 471 4114 cum
487 4073 511 4115 et
522 4082 566 4130 per
582 4072 673 4115 memet
688 4067 770 4130 ipsum
812 4059 939 4111 accidere?
965 4093 973 4106 .

193 4134 297 4197 egissem
309 4138 333 4180 et
342 4148 386 4196 per
393 4133 502 4180 Drusum
511 4147 584 4196 saepe
593 4133 768 4196 temptassem?
846 4141 884 4176 20·
902 4129 1030 4187 wulferii,
1041 4133 1086 4177 not
1094 4129 1151 4177 here
1162 4126 1188 4176 ln
1198 4127 1229 4177 its
1241 4143 1310 4177 more
1319 4125 1391 4176 usual

225 4201 367 4255 permulta
380 4232 386 4245 .
401 4201 595 4255 .dissoruissa‚
614 4204 620 4224 ¹
633 4199 713 4248 stated
729 4198 769 4248 his
812 4192 928 4258 meaning
939 4192 969 4242 of
976 4209 990 4242 a
1003 4193 1087 4258 happy
1098 4193 1191 4243 chance
1210 4197 1260 4257 (cp.
1272 4193 1391 4243 Doederl.

192 4264 268 4314 views
279 4270 305 4312 at
316 4268 386 4326 great
397 4261 500 4326 length.'
814 4258 904 4324 Synou.
921 4275 943 4307 v.
962 4273 1023 4324 339;
1048 4260 1100 4308 Cic.
1119 4259 1144 4307 in
1163 4259 1218 4308 Cat.
1236 4260 1252 4308 i.
1273 4259 1310 4317 16,
1328 4258 1390 4307 with

228 4339 249 4392 7.
267 4331 375 4377 schola:
393 4329 498 4392 perhaps
509 4333 553 4377 not
564 4345 591 4377 as
603 4328 627 4376 in
639 4327 655 4379 i.
670 4343 709 4379 22.
724 4341 769 4378 102
815 4322 915 4373 Halm's
925 4327 1008 4384 note):
1031 4324 1077 4374 but
1095 4325 1124 4374 of
1137 4325 1277 4388 something
1293 4323 1391 4372 natural

194 4395 224 4445 of
232 4411 248 4444 a
260 4393 353 4452 school,
365 4395 412 4442 but
428 4393 510 4442 rather
521 4409 549 4442 as
562 4394 587 4442 in
598 4394 629 4443 de
640 4395 695 4444 Fin.
707 4394 733 4443 ii.
750 4408 771 4443 1.
815 4406 844 4438 or
854 4390 985 4440 deserved:
1002 4406 1040 4455 cp.
1053 4391 1143 4455 Mayor
1159 4407 1191 4440 on
1203 4389 1267 4439 Phil.
1280 4390 1304 4438 ii.
1320 4394 1331 4447 ξ
1348 4398 1391 4449 17:

196 4459 342 4509 r‘scholam
352 4460 461 4524 aliquam
469 4459 607 4524 explicare,’
617 4459 646 4509 of
650 4460 773 4518 alecture,
817 4454 881 4504 Reid
898 4470 931 4503 on
943 4455 1010 4504 Lael.
1025 4457 1062 4516 §8
1081 4457 1172 4519 (where
1190 4457 1210 4504 it
1227 4455 1247 4503 is
1264 4453 1393 4518 distinctly

194 4525 361 4576 dissertation.
398 4526 444 4588 Cp.
457 4525 531 4574 Tusc.
543 4524 560 4572 i.
572 4541 595 4588 4.
609 4527 632 4575 8.
818 4521 879 4570 used
891 4520 920 4568 of
927 4520 977 4568 bad
989 4522 1109 4580 fortunet:
1127 4523 1184 4572 Cat.
1194 4521 1230 4569 M.
1245 4525 1273 4579 §t
1284 4521 1307 4567 8.
1320 4530 1359 4580 71.

230 4594 398 4647 disputasse,
411 4588 566 4638 ‘discussed'
851 4591 997 4642 obsequor.
1033 4587 1143 4650 Madvig,
1158 4583 1236 4646 §336,
1249 4585 1301 4636 obs.
1316 4597 1339 4638 a.

232 4668 270 4708 so.
283 4659 388 4708 fflosre:
401 4655 496 4722 imperf.
505 4657 544 4705 ior
554 4655 612 4719 peri.
620 4657 658 4706 for
666 4657 708 4708 the
717 4655 777 4708 sake
853 4666 962 4702 senem:
980 4653 996 4701 i.
1006 4664 1044 4715 45.
1059 4665 1105 4718 199
1119 4652 1209 4717 inore).
