3310 5040
562 427 634 494 DE
667 429 801 495 ORAT
801 429 900 496 ORE
929 430 980 498 II.
1310 433 1370 502 217

148 477 260 603 W
1057 523 1383 590 1l'is'‘r¹¹‘'¹¹¹‘f

172 623 231 691 set,
248 615 316 680 sive
335 617 509 694 artificium
532 620 602 684 sive
621 619 768 684 studium
788 620 928 695 dicendi,
944 620 1006 684 nisi
1026 618 1163 684 accessit
1183 639 1229 696 os,
1245 617 1372 682 nullum

171 707 282 801 potest
303 743 384 801 esse,
406 723 534 787 docebo
556 745 624 803 vos,
640 723 801 807 discipuli,
817 725 851 788 id
875 723 965 806 quod
988 727 1059 807 ipse
1080 745 1145 788 non
1166 723 1275 802 didici,
1291 724 1371 805 quid

119 836 157 883 ao
170 825 213 888 de
228 828 318 889 omni
333 847 454 909 genere
469 826 632 892 sentiam!
679 829 746 892 Hic
761 837 980 910 posteaquam
991 830 1189 918 adrrfflt,
1207 831 1275 892 ‘res
1291 829 1372 892 mihi

169 929 300 992 videtur
329 930 417 994 esse'
448 933 554 1014 inquit
581 931 756 996 ‘facultate
784 909 1063 1014 Marte
1094 933 1288 1012 mediocris;
1318 953 1371 998 ars

170 1032 259 1095 enim
288 1055 402 1098 earum
427 1055 534 1098 rerum
564 1044 623 1114 est,
651 1057 735 1118 quae
762 1038 928 1115 sciuntur;
960 1038 1098 1101 oratoris
1124 1046 1237 1100 autem
1264 1037 1398 1102 omniss

169 1137 256 1201 actio
283 1139 501 1219 opinionibus,
528 1159 594 1202 non
620 1140 765 1219 scientia,
792 1141 998 1218 continetur3
1030 1160 1107 1204 nam
1135 1150 1168 1204 et
1197 1142 1286 1223 apud
1313 1161 1370 1202 eos

170 1241 316 1319 dicimus,
331 1243 388 1323 qui
410 1243 568 1318 nesciunt,
590 1251 623 1308 et
643 1265 682 1308 ea
703 1244 850 1322 dicimus,
865 1264 951 1326 quae
973 1245 1137 1309 nescimus
1157 1246 1238 1328 ipsi;
1258 1245 1370 1326 itaque

170 1351 203 1406 et
224 1342 270 1405 illi
291 1344 371 1430 auli-as
386 1345 476 1409 aliud
498 1347 624 1410 eisdem
640 1348 683 1410 de
703 1348 800 1410 rebus
821 1357 855 1412 et
876 1350 1023 1412 sentiunt
1044 1357 1077 1413 et
1098 1349 1244 1412 iudicant
1260 1358 1294 1412 et
1310 1367 1370 1410 nos
1437 1407 1439 1411 .

170 1450 349 1511 contrarias
365 1470 464 1532 saepe
479 1470 595 1514 causas
609 1452 759 1526 dicimus,
776 1473 843 1514 non
860 1453 960 1515 modo
976 1461 1012 1514 ut
1033 1451 1170 1516 Crassus
1186 1460 1300 1516 contra
1317 1471 1370 1514 me

168 1537 258 1614 dicat
280 1552 458 1634 aliquando
480 1563 539 1620 aut
562 1575 625 1636 ego
647 1565 761 1619 contra
787 1553 951 1634 Crassum,
967 1577 1043 1620 cum
1065 1556 1214 1652 alterutri
1237 1575 1372 1627 necessev
1386 1583 1417 1640 re

168 1654 210 1717 sit
224 1653 342 1719 falsum
356 1658 472 1733 dicere,
486 1660 544 1723 sed
561 1661 662 1723 etiam
679 1668 716 1723 ut
731 1669 870 1741 uterque
886 1669 1035 1724 nostrum
1048 1662 1165 1724 eadem
1181 1663 1223 1724 de
1239 1681 1274 1723 re
1288 1659 1370 1723 alias

167 1760 257 1824 aliud
273 1763 437 1840 defendat,
453 1785 529 1828 cum
545 1763 619 1847 plus
637 1786 702 1829 uno
721 1785 837 1828 verum
855 1785 928 1828 esse
946 1786 1013 1828 non
1036 1767 1151 1848 possit.
1198 1765 1247 1828 Ut
1270 1764 1370 1846 igitur

168 1865 201 1928 in
223 1866 293 1928 eius
312 1869 401 1930 modi
418 1887 460 1945 re,
476 1888 562 1950 quae
581 1869 754 1932 mendacio
771 1869 851 1931 nixa
870 1869 922 1944 sit,
941 1889 1028 1950 quae
1048 1869 1091 1932 ad
1114 1868 1285 1932 scientiam
1302 1887 1371 1952 non
1468 1925 1473 1940 ,

73 1947 267 2060 ,Ηί-Ῑμςειερε
300 1971 478 2050 perveniat,
509 1991 595 2053 quae
627 1973 800 2053 opiniones
836 1971 1008 2034 hominum
1046 1980 1079 2036 et
1114 1992 1214 2054 saepe
1245 1991 1368 2059 errores
1386 1971 1414 2020 ἃ
1431 1977 1544 2049 ‘·‘3'.·
1580 2021 1584 2028 .

90 2103 101 2145 ·.
116 2066 154 2143 ιθ
167 2063 356 2154 aucupetur,
372 2074 419 2137 ita
435 2075 552 2154 dicam,
568 2076 594 2138 si
611 2096 744 2140 causam
760 2077 887 2158 putatis
908 2095 988 2153 esse,
1007 2073 1265 2168 cugaudiatisfq
1278 2075 1368 2138 ‘Nos
1385 2107 1394 2141 1
1400 2067 1419 2154 ξ
1435 2053 1454 2080 ’
1472 2154 1476 2165 Ι

53 2160 64 2257 J
100 2165 244 2238 ·3¹vero
260 2185 294 2239 et
309 2178 405 2241 valde
421 2178 572 2259 quidem'
591 2178 729 2244 Catulus
750 2180 856 2260 inquit
871 2181 1045 2261 ‘putamus
1067 2161 1231 2261 atque-eo
1252 2181 1367 2268 magis,
1465 2172 1475 2267 J
1513 2170 1515 2179 ’
1599 2243 1604 2257 ,

167 2281 257 2362 quod
284 2280 374 2344 nulla
401 2280 481 2343 mihi
508 2284 729 2346 ostentatione
754 2283 874 2345 videris
901 2302 973 2346 esse
999 2302 1134 2360 usurus3
1165 2303 1304 2344 exorsus
1331 2303 1367 2372 es
1475 2263 1500 2379 '¹¹
1516 2275 1529 2298 ''
1599 2289 1602 2296 '

167 2385 253 2446 enim
277 2405 342 2446 non
362 2383 524 2466 gloriose3
548 2387 653 2469 magis
671 2407 691 2449 a
706 2387 852 2464 veritate,
869 2394 906 2451 ut
926 2395 962 2450 tu
982 2394 1088 2468 putas,
1104 2406 1205 2467 quam
1221 2407 1240 2448 a
1257 2387 1367 2449 nescio

201 2541 222 2577 2.
239 2528 265 2576 id
276 2543 325 2577 om.
338 2529 366 2576 B.
378 2529 435 2578 incl.
448 2529 488 2578 K:
505 2529 598 2580 habent
609 2530 633 2577 A
645 2529 725 2594 Lagg.
736 2536 788 2594 opt.
900 2545 922 2593 3.
938 2544 1023 2593 genere
1033 2530 1130 2591 huby:
1145 2544 1231 2593 genere
1242 2477 1367 2579 diam?

241 2593 290 2642 Ell.
303 2593 327 2644 S.
342 2593 455 2659 [dicendi]
470 2597 498 2646 P.
567 2608 604 2656 13.
622 2612 682 2680 quae
691 2599 725 2645 ad
734 2597 852 2644 scientium
863 2613 910 2644 non
921 2605 987 2658 saepe
994 2595 1183 2666 perveniatlincl.
1195 2595 1228 2645 K.
1241 2595 1291 2646 ΕΗ.
1368 2629 1374 2642 .

1424 2146 1434 2183 l

201 2741 222 2776 r.
239 2730 401 2786 artificium,
424 2728 451 2776 in
478 2729 532 2779 Cic.
554 2729 624 2794 quite
641 2730 740 2793 equiva·
791 2731 890 2794 against
918 2730 1002 2780 whom
1030 2729 1062 2780 he
1086 2730 1138 2778 had
1165 2728 1290 2779 delivered
1316 2731 1365 2780 and

164 2792 217 2867 lent
234 2799 261 2841 to
279 2811 317 2840 ars
329 2793 495 2907 :6‘system3’
514 2797 647 2856 studium,
670 2799 740 2861 ‘pur·
790 2795 1200 2862 publishedspeechespreviously.
1224 2797 1271 2860 Cp.
1279 2796 1365 2859 Quint.

164 2857 310 2914 surt‘i.21.
354 2896 360 2906 .
790 2861 822 2911 xi.
838 2876 858 2910 1.
905 2891 944 2912 -.

197 2939 236 2983 oa,
249 2924 266 2972 i.
279 2874 377 2986 38.9175
391 2925 479 2988 (note).
826 2941 863 2977 12.
873 2872 908 2977 lie
917 2878 939 2976 .4.
950 2964 956 2978 .
967 2931 1008 2976 ita
1017 2926 1366 2990 dieam,‘1willspeakwith

199 3005 221 3039 a.
239 2994 316 3046 quod
327 2993 388 3046 ipae
399 3006 459 3041 non
467 2994 565 3048 didiet,
574 2991 590 3040 i.
604 2992 645 3056 48.
659 2994 714 3042 208.
790 2991 833 3041 the
843 2993 991 3042 limitations
1005 3009 1133 3056 necessary
1147 2994 1172 3041 in
1190 2991 1232 3042 the
1245 3008 1301 3042 case
1313 2993 1342 3042 of
1349 3011 1365 3043 a

198 3059 268 3113 quid
285 3059 415 3112 sentiam,
428 3057 444 3106 i.
459 3070 496 3105 21.
509 3060 549 3122 98.
789 3057 886 3120 subject
897 3058 994 3117 which,'
1007 3067 1054 3108 etc.

197 3135 221 3183 4.
238 3122 439 3178 facultato,·in
456 3122 498 3171 the
515 3123 644 3187 capacity,¹
655 3122 739 3172 which
826 3136 863 3180 13.
881 3125 1026 3173 mendacio
1043 3126 1110 3172 nixa
1133 3126 1190 3172 ait:
1232 3139 1271 3186 cp.
1299 3123 1364 3172 Plat.

163 3187 185 3236 it
201 3187 324 3250 requires:
348 3201 377 3234 so
394 3187 469 3235 Arist.
487 3188 561 3236 Rhet.
579 3189 625 3238 ho
647 3187 739 3238 defines
790 3187 896 3237 Phaedr.
916 3189 963 3238 2⁶0
981 3189 1011 3238 E.
1027 3191 1042 3249 ἡ
1059 3188 1172 3250 ῥητορικὴ
1197 3187 1308 3252 ψεύδεται
1325 3187 1366 3238 trel

91 3311 94 3318 .
164 3252 271 3301 rhetoric
289 3267 315 3300 as
333 3249 428 3309 δύναμις
445 3252 497 3315 περὶ
511 3252 615 3302 ἕκαστον
626 3253 671 3302 τοῦ
684 3258 739 3301 θεω-
789 3254 833 3302 oder
844 3252 897 3302 ἔστι
909 3251 995 3317 τέχνη,
1007 3252 1065 3302 ἀλλ’
1075 3252 1180 3317 ἄτεχνος
1190 3253 1270 3318 τριβή.

163 3318 234 3380 phuae
252 3316 282 3365 τὸ
305 3317 466 3379 ἐνδεχόμενον
486 3319 592 3376 πιθανόν,
611 3326 657 3368 not
676 3335 704 3367 as
723 3335 739 3368 a
821 3335 893 3376 quae
912 3321 1113 3369 adserendam
1129 3335 1187 3369 non
1207 3334 1289 3376 saepe
1304 3333 1365 3377 par·

162 3381 248 3444 τέχνη.
282 3383 327 3445 Cp.
338 3382 515 3434 thedehnition
528 3385 553 3433 in
564 3385 581 3435 i.
595 3399 680 3449 eo.92,
689 3385 738 3433 and
788 3389 894 3443 veniat,
914 3385 1047 3435 bracketed
1064 3386 1098 3448 by
1116 3385 1165 3434 Ell.
1189 3386 1271 3435 ‘Cum
1287 3385 1365 3434 latine
1404 3411 1406 3414 ·

162 3448 206 3497 the
225 3449 362 3497 discussion
380 3450 405 3497 in
423 3450 439 3499 i.
456 3454 483 3507 §5
505 3464 624 3514 roa-109.
665 3449 742 3500 Sorof
788 3451 838 3499 dici
850 3467 899 3499 non
914 3451 1017 3515 possint,
1031 3451 1079 3500 nisi
1095 3452 1125 3500 de
1142 3467 1172 3500 eo
1190 3453 1232 3515 qui
1248 3451 1364 3500 scientiae

162 3513 219 3562 well
228 3515 311 3577 points
323 3522 367 3564 out
379 3515 421 3563 the
429 3515 566 3579 ambiguity
573 3516 655 3565 which
663 3516 737 3566 arises
789 3517 892 3580 cupidus
901 3526 938 3567 est
947 3516 967 3574 ;'
985 3517 1030 3566 but
1034 3519 1152 3578 peruenire
1161 3517 1182 3565 is
1189 3517 1257 3565 often
1264 3517 1364 3580 enough

161 3579 227 3628 from
239 3579 281 3627 the
293 3580 397 3628 twofold
410 3582 475 3631 force
488 3583 516 3630 of
524 3598 572 3631 urs.
788 3582 848 3630 used
861 3583 888 3631 ol
898 3583 988 3646 things,
1003 3581 1065 3630 both
1083 3583 1107 3630 in
1124 3582 1156 3630 its
1173 3581 1255 3631 literal
1271 3581 1320 3629 and
1338 3582 1365 3630 in

101 3651 105 3658 '
195 3643 219 3694 6.
236 3649 310 3693 actio
324 3651 451 3704 oratoris,
465 3648 523 3696 ‘the
538 3647 640 3710 activity
654 3647 685 3696 of
695 3647 738 3696 the
788 3647 821 3695 its
838 3648 940 3710 applied
957 3647 1088 3709 meaning:
1113 3647 1190 3696 hence
1207 3647 1275 3696 there
1293 3647 1313 3694 is
1330 3663 1363 3696 no

162 3709 359 3760 orator'=n‹ioa
368 3712 447 3773 πρᾶξις
459 3711 564 3774 ῥήτορος.
581 3713 662 3762 There
673 3713 694 3761 is
704 3729 737 3762 no
788 3712 912 3775 objection
920 3719 947 3760 to
956 3713 998 3761 the
1007 3712 1096 3771 words,
1108 3712 1157 3760 and
1168 3711 1228 3775 they
1236 3728 1277 3760 are
1285 3712 1364 3776 really

163 3791 249 3825 reason
261 3777 323 3827 with
336 3777 404 3826 Bake
416 3785 443 3826 to
455 3777 518 3826 alter
530 3779 572 3827 the
583 3778 659 3827 word.
787 3777 882 3826 needed
913 3777 976 3826 after
1007 3778 1090 3826 ‘actio
1119 3777 1278 3846 opinionibus
1311 3794 1363 3827 non

195 3845 364 3898 continetur,
393 3844 429 3891 ‘is
455 3843 553 3893 limited
569 3842 618 3907 by,'
648 3859 676 3892 or
699 3843 736 3894 ‘is
786 3840 1052 3892 scientiacontinetur!

161 3908 290 3956 restricted
301 3908 343 3957 to.¹
822 3923 859 3965 15.
898 3915 1063 3967 aucupetur,
1100 3906 1170 3971 ‘lays
1203 3914 1273 3973 traps
1306 3909 1362 3958 for.¹

194 3988 217 4037 9.
235 3980 335 4023 eontra
345 3988 389 4022 me
402 3976 490 4022 dicat:
508 3973 602 4024 Introd.
614 3990 639 4038 p.
654 3986 692 4035 13.
787 3973 906 4038 Nagelsb.
929 3975 985 4024 Stil.
1008 3989 1033 4038 p.
1053 3987 1108 4038 39²·
1153 3973 1209 4024 The
1232 3975 1363 4038 metaphor

196 4051 233 4088 10.
251 4043 382 4088 alterutri
399 4055 503 4103 appears
523 4046 550 4088 to
567 4040 599 4088 be
618 4040 659 4089 the
677 4039 736 4103 only
787 4040 863 4101 (from
875 4039 988 4104 fowlingl
999 4040 1020 4087 is
1031 4055 1089 4103 very
1101 4054 1216 4089 common
1227 4039 1252 4088 in
1265 4040 1362 4092 Cicero.

160 4103 225 4153 form
242 4106 302 4153 used
318 4107 344 4153 in
363 4105 404 4154 the
421 4105 511 4165 dative,
530 4103 625 4170 though
642 4105 736 4153 allerias
787 4107 835 4169 Cp.
848 4106 917 4155 Orat.
934 4120 970 4168 ¹9·
983 4105 1015 4166 63
1028 4106 1065 4152 ‘in
1076 4120 1107 4154 eo
1120 4106 1182 4168 ipso.
1198 4105 1266 4170 quod
1282 4106 1362 4156 delec-

159 4171 234 4217 um'us
249 4169 270 4219 is
287 4171 363 4220 found
375 4172 400 4219 in
412 4170 454 4219 the
464 4171 578 4234 genitive.
612 4170 658 4235 Cp.
671 4170 735 4220 Plin.
787 4172 910 4220 tationem
922 4170 1032 4234 aliquam
1043 4171 1147 4220 dicendo
1160 4169 1330 4234 aucupentur?

159 4234 207 4298 Ep.
215 4235 257 4283 vii.
268 4250 305 4284 ao.
315 4236 338 4294 6,
352 4237 399 4285 and
413 4237 484 4285 Neue
496 4237 517 4284 F
518 4234 620 4287 ormenl.
632 4237 666 4284 iil.
680 4245 735 4298 257.
821 4238 859 4285 18.
877 4251 895 4285 a
904 4240 1035 4293 varitate,
1049 4236 1170 4300 'starting
1181 4235 1245 4284 from
1258 4236 1300 4286 the
1311 4236 1362 4287 real

195 4313 232 4350 11.
250 4305 319 4350 alias
328 4305 406 4350 aliud
412 4306 561 4351 defendat:
578 4303 699 4351 instances
710 4302 741 4350 of
786 4300 849 4350 facts
863 4302 892 4350 of
900 4302 943 4351 the
956 4300 1041 4352 case:‘
1058 4301 1097 4350 for
1112 4301 1160 4351 this
1176 4317 1219 4352 use
1236 4302 1266 4352 of
1277 4305 1362 4351 verim

159 4365 209 4414 this
217 4381 279 4415 were
289 4367 400 4432 frequent
412 4368 511 4432 enough
523 4369 549 4417 in
562 4366 671 4417 Cicero's
679 4383 735 4417 own
786 4382 826 4432 cp.
839 4369 855 4416 i.
870 4380 908 4428 17.
922 4379 952 4432 77
964 4369 1054 4429 (note).

158 4432 316 4495 experience:
334 4449 425 4496 among
434 4433 476 4482 the
487 4440 552 4482 most
561 4432 736 4496 strikingwere
819 4447 836 4481 a
851 4437 946 4482 nascio
971 4448 1027 4491 qua
1052 4435 1200 4490 matteas,
1218 4432 1297 4480 ‘from
1313 4447 1361 4496 any

158 4497 198 4546 his
215 4497 315 4547 defence
333 4498 361 4546 of
376 4499 534 4554 Scamander,
550 4497 657 4562 coupled
674 4498 735 4547 with
786 4500 911 4562 supposed
927 4497 988 4560 high
1005 4497 1104 4548 value:'
1122 4514 1137 4545 a
1154 4498 1175 4546 is
1187 4497 1291 4546 omitted
1303 4497 1361 4546 here

158 4561 199 4610 his
212 4565 362 4627 subsequeut
379 4563 479 4614 defenoe
496 4564 526 4613 of
538 4564 673 4622 Cluentius,
686 4562 735 4612 and
785 4563 819 4626 by
831 4564 872 4612 the
884 4565 940 4614 best
950 4565 1029 4628 Lagg.
1042 4563 1092 4612 and
1104 4564 1137 4618 Α,
1149 4562 1194 4610 but
1211 4577 1257 4610 can
1272 4560 1362 4626 hardly

159 4627 199 4678 his
216 4629 332 4694 speeches
349 4629 388 4679 for
404 4629 528 4680 Gabinius
542 4629 595 4680 and
612 4628 735 4689 Vatinius,
785 4629 920 4695 bespared.
944 4629 991 4680 See
998 4645 1023 4694 p.
1033 4628 1062 4678 61
1074 4628 1163 4692 (note).
1185 4626 1240 4678 Pid.
1249 4626 1362 4692 explains

760 4726 786 4792 Q
