<?xml version="1.0" encoding="UTF-8"?>
<!DOCTYPE html PUBLIC "-//W3C//DTD XHTML 1.0 Transitional//EN"
    "http://www.w3.org/TR/xhtml1/DTD/xhtml1-transitional.dtd">
<html xmlns="http://www.w3.org/1999/xhtml" xml:lang="en" lang="en">
 <head>
  <title>
</title>
<meta http-equiv="Content-Type" content="text/html;charset=utf-8" />
  <meta name='ocr-system' content='tesseract 3.04.00' />
  <meta name='ocr-capabilities' content='ocr_page ocr_carea ocr_par ocr_line ocrx_word'/>
</head>
<body>
  <div class='ocr_page' id='page_1' title='image "./mtulliiciceroni00wilkgoog_0080.png"; bbox 0 0 3310 5040; ppageno 0'>
   <div class='ocr_carea' id='block_1_1' title="bbox 605 405 1403 490">
    <p class='ocr_par' dir='ltr' id='par_1_1' title="bbox 605 405 1403 490">
     <span class='ocr_line' id='line_1_1' title="bbox 605 405 1403 490; baseline -0.001 -17"><span class='ocrx_word' id='word_1_1' title='bbox 605 405 675 474; x_wconf 82' lang='lat' dir='ltr'><strong>oa</strong></span> <span class='ocrx_word' id='word_1_2' title='bbox 700 409 934 474; x_wconf 72' lang='lat' dir='ltr'><strong>oratore</strong></span> <span class='ocrx_word' id='word_1_3' title='bbox 957 406 1007 472; x_wconf 84' lang='lat' dir='ltr'><strong>rr.</strong></span> <span class='ocrx_word' id='word_1_4' title='bbox 1342 423 1403 490; x_wconf 67' lang='grc' dir='ltr'><strong>ψ</strong></span> 
     </span>
    </p>
   </div>
   <div class='ocr_carea' id='block_1_2' title="bbox 1 597 1407 787">
    <p class='ocr_par' dir='ltr' id='par_1_2' title="bbox 1 597 1407 787">
     <span class='ocr_line' id='line_1_2' title="bbox 1 597 1405 720; baseline 0.002 -59"><span class='ocrx_word' id='word_1_5' title='bbox 1 641 2 720; x_wconf 44' lang='lat' dir='ltr'><strong>p</strong></span> <span class='ocrx_word' id='word_1_6' title='bbox 138 613 192 662; x_wconf 78' lang='lat'><strong>148</strong></span> <span class='ocrx_word' id='word_1_7' title='bbox 205 598 361 665; x_wconf 83' lang='lat' dir='ltr'><strong>tarditate</strong></span> <span class='ocrx_word' id='word_1_8' title='bbox 377 599 512 678; x_wconf 90' lang='lat' dir='ltr'><strong>incitat;</strong></span> <span class='ocrx_word' id='word_1_9' title='bbox 535 599 714 682; x_wconf 68' lang='lat' dir='ltr'><strong>diligentia,</strong></span> <span class='ocrx_word' id='word_1_10' title='bbox 731 597 876 683; x_wconf 89' lang='lat' dir='ltr'><strong>inquam,</strong></span> <span class='ocrx_word' id='word_1_11' title='bbox 893 621 978 683; x_wconf 88' lang='lat' dir='ltr'><strong>quae</strong></span> <span class='ocrx_word' id='word_1_12' title='bbox 999 599 1073 665; x_wconf 84' lang='lat' dir='ltr'><strong>cnm</strong></span> <span class='ocrx_word' id='word_1_13' title='bbox 1091 601 1243 665; x_wconf 93' lang='lat' dir='ltr'><strong>omnibus</strong></span> <span class='ocrx_word' id='word_1_14' title='bbox 1260 599 1291 664; x_wconf 91' lang='lat' dir='ltr'><strong>in</strong></span> <span class='ocrx_word' id='word_1_15' title='bbox 1309 603 1405 664; x_wconf 90' lang='lat' dir='ltr'><strong>rebus</strong></span> 
     </span>
     <span class='ocr_line' id='line_1_3' title="bbox 205 705 1407 787; baseline 0.001 -20"><span class='ocrx_word' id='word_1_16' title='bbox 205 713 276 767; x_wconf 92' lang='lat' dir='ltr'><strong>tum</strong></span> <span class='ocrx_word' id='word_1_17' title='bbox 315 705 349 766; x_wconf 90' lang='lat' dir='ltr'><strong>in</strong></span> <span class='ocrx_word' id='word_1_18' title='bbox 384 707 490 769; x_wconf 88' lang='lat' dir='ltr'><strong>causis</strong></span> <span class='ocrx_word' id='word_1_19' title='bbox 520 705 738 768; x_wconf 83' lang='lat' dir='ltr'><strong>defendendis</strong></span> <span class='ocrx_word' id='word_1_20' title='bbox 764 705 941 786; x_wconf 86' lang='lat' dir='ltr'><strong>plurimum</strong></span> <span class='ocrx_word' id='word_1_21' title='bbox 1040 714 1063 769; x_wconf 92' lang='lat' dir='ltr'><strong>t.</strong></span> <span class='ocrx_word' id='word_1_22' title='bbox 1110 705 1205 768; x_wconf 89' lang='lat' dir='ltr'><strong>Haec</strong></span> <span class='ocrx_word' id='word_1_23' title='bbox 1232 706 1407 787; x_wconf 85' lang='lat' dir='ltr'><strong>praecipue</strong></span> 
     </span>
    </p>
   </div>
   <div class='ocr_carea' id='block_1_3' title="bbox 204 789 1406 994">
    <p class='ocr_par' dir='ltr' id='par_1_3' title="bbox 204 789 1406 994">
     <span class='ocr_line' id='line_1_4' title="bbox 204 789 1406 890; baseline -0.001 -19"><span class='ocrx_word' id='word_1_24' title='bbox 204 808 343 871; x_wconf 91' lang='lat' dir='ltr'><strong>colenda</strong></span> <span class='ocrx_word' id='word_1_25' title='bbox 358 818 408 872; x_wconf 90' lang='lat' dir='ltr'><strong>est</strong></span> <span class='ocrx_word' id='word_1_26' title='bbox 447 831 467 871; x_wconf 96' lang='lat'>0</span> <span class='ocrx_word' id='word_1_27' title='bbox 493 809 540 887; x_wconf 89' lang='lat' dir='ltr'><strong>is;</strong></span> <span class='ocrx_word' id='word_1_28' title='bbox 562 807 645 872; x_wconf 90' lang='lat' dir='ltr'><strong>haec</strong></span> <span class='ocrx_word' id='word_1_29' title='bbox 663 828 833 890; x_wconf 85' lang='lat' dir='ltr'><strong>sempera</strong></span> <span class='ocrx_word' id='word_1_30' title='bbox 883 831 892 870; x_wconf 89' lang='lat'><em>1</em></span> <span class='ocrx_word' id='word_1_31' title='bbox 918 829 959 871; x_wconf 87' lang='lat' dir='ltr'><strong>en</strong></span> <span class='ocrx_word' id='word_1_32' title='bbox 984 789 1127 884; x_wconf 39' lang='lat' dir='ltr'><strong>adhaec</strong></span> <span class='ocrx_word' id='word_1_33' title='bbox 1149 808 1228 871; x_wconf 90' lang='lat' dir='ltr'><strong>nihil</strong></span> <span class='ocrx_word' id='word_1_34' title='bbox 1251 808 1406 890; x_wconf 90' lang='lat' dir='ltr'><strong>estquod</strong></span> 
     </span>
     <span class='ocr_line' id='line_1_5' title="bbox 205 809 1406 994; baseline 0.002 -22"><span class='ocrx_word' id='word_1_35' title='bbox 205 932 271 973; x_wconf 89' lang='lat' dir='ltr'><strong>non</strong></span> <span class='ocrx_word' id='word_1_36' title='bbox 296 809 516 994; x_wconf 50' lang='lat' dir='ltr'><strong>adsilfdilmi:</strong></span> <span class='ocrx_word' id='word_1_37' title='bbox 548 932 648 975; x_wconf 89' lang='lat' dir='ltr'><strong>causa</strong></span> <span class='ocrx_word' id='word_1_38' title='bbox 674 921 710 974; x_wconf 89' lang='lat' dir='ltr'><strong>ut</strong></span> <span class='ocrx_word' id='word_1_39' title='bbox 734 912 874 993; x_wconf 89' lang='lat' dir='ltr'><strong>penitus,</strong></span> <span class='ocrx_word' id='word_1_40' title='bbox 901 912 989 994; x_wconf 90' lang='lat' dir='ltr'><strong>quod</strong></span> <span class='ocrx_word' id='word_1_41' title='bbox 1011 913 1104 975; x_wconf 91' lang='lat' dir='ltr'><strong>initio</strong></span> <span class='ocrx_word' id='word_1_42' title='bbox 1134 913 1214 986; x_wconf 88' lang='lat' dir='ltr'><strong>dixi,</strong></span> <span class='ocrx_word' id='word_1_43' title='bbox 1246 922 1325 975; x_wconf 90' lang='lat' dir='ltr'><strong>nota</strong></span> <span class='ocrx_word' id='word_1_44' title='bbox 1356 915 1406 990; x_wconf 90' lang='lat' dir='ltr'><strong>sit,</strong></span> 
     </span>
    </p>
   </div>
   <div class='ocr_carea' id='block_1_4' title="bbox 134 1014 1450 2861">
    <p class='ocr_par' dir='ltr' id='par_1_4' title="bbox 134 1014 1450 2861">
     <span class='ocr_line' id='line_1_6' title="bbox 204 1014 1434 1097; baseline 0.005 -21"><span class='ocrx_word' id='word_1_45' title='bbox 204 1014 374 1096; x_wconf 84' lang='lat' dir='ltr'><strong>diligentia</strong></span> <span class='ocrx_word' id='word_1_46' title='bbox 397 1025 448 1079; x_wconf 90' lang='lat' dir='ltr'><strong>est</strong></span> <span class='ocrx_word' id='word_1_47' title='bbox 461 1037 468 1094; x_wconf 91' lang='lat'>;</span> <span class='ocrx_word' id='word_1_48' title='bbox 492 1024 529 1078; x_wconf 92' lang='lat' dir='ltr'><strong>ut</strong></span> <span class='ocrx_word' id='word_1_49' title='bbox 551 1016 774 1079; x_wconf 87' lang='lat' dir='ltr'><strong>adversarium</strong></span> <span class='ocrx_word' id='word_1_50' title='bbox 798 1023 927 1079; x_wconf 90' lang='lat' dir='ltr'><strong>attente</strong></span> <span class='ocrx_word' id='word_1_51' title='bbox 949 1017 1124 1079; x_wconf 85' lang='lat' dir='ltr'><strong>audiamus</strong></span> <span class='ocrx_word' id='word_1_52' title='bbox 1150 1024 1252 1097; x_wconf 88' lang='lat' dir='ltr'><strong>atque</strong></span> <span class='ocrx_word' id='word_1_53' title='bbox 1278 1026 1314 1079; x_wconf 95' lang='lat' dir='ltr'><strong>ut</strong></span> <span class='ocrx_word' id='word_1_54' title='bbox 1338 1018 1434 1085; x_wconf 84' lang='lat' dir='ltr'><strong>eius5</strong></span> 
     </span>
     <span class='ocr_line' id='line_1_7' title="bbox 203 1118 1406 1200; baseline 0.001 -19"><span class='ocrx_word' id='word_1_55' title='bbox 203 1139 269 1181; x_wconf 94' lang='lat' dir='ltr'><strong>non</strong></span> <span class='ocrx_word' id='word_1_56' title='bbox 285 1119 393 1181; x_wconf 92' lang='lat' dir='ltr'><strong>solum</strong></span> <span class='ocrx_word' id='word_1_57' title='bbox 415 1121 604 1196; x_wconf 89' lang='lat' dir='ltr'><strong>sententias,</strong></span> <span class='ocrx_word' id='word_1_58' title='bbox 619 1120 677 1182; x_wconf 92' lang='lat' dir='ltr'><strong>sed</strong></span> <span class='ocrx_word' id='word_1_59' title='bbox 699 1120 800 1182; x_wconf 89' lang='lat' dir='ltr'><strong>etiam</strong></span> <span class='ocrx_word' id='word_1_60' title='bbox 816 1118 916 1182; x_wconf 89' lang='lat' dir='ltr'><strong>verba</strong></span> <span class='ocrx_word' id='word_1_61' title='bbox 937 1121 1048 1182; x_wconf 89' lang='lat' dir='ltr'><strong>omnia</strong></span> <span class='ocrx_word' id='word_1_62' title='bbox 1069 1121 1282 1200; x_wconf 87' lang='lat' dir='ltr'><strong>excipiamus,</strong></span> <span class='ocrx_word' id='word_1_63' title='bbox 1297 1119 1406 1182; x_wconf 91' lang='lat' dir='ltr'><strong>voltus</strong></span> 
     </span>
     <span class='ocr_line' id='line_1_8' title="bbox 203 1223 1407 1305; baseline -0.001 -20"><span class='ocrx_word' id='word_1_64' title='bbox 203 1223 346 1304; x_wconf 88' lang='lat' dir='ltr'><strong>denique</strong></span> <span class='ocrx_word' id='word_1_65' title='bbox 371 1224 605 1304; x_wconf 86' lang='lat' dir='ltr'><strong>perspiciamus</strong></span> <span class='ocrx_word' id='word_1_66' title='bbox 632 1223 748 1296; x_wconf 90' lang='lat' dir='ltr'><strong>omnis,</strong></span> <span class='ocrx_word' id='word_1_67' title='bbox 774 1223 830 1304; x_wconf 94' lang='lat' dir='ltr'><strong>qui</strong></span> <span class='ocrx_word' id='word_1_68' title='bbox 862 1243 977 1285; x_wconf 87' lang='lat' dir='ltr'><strong>sensus</strong></span> <span class='ocrx_word' id='word_1_69' title='bbox 1006 1225 1107 1286; x_wconf 89' lang='lat' dir='ltr'><strong>animi</strong></span> <span class='ocrx_word' id='word_1_70' title='bbox 1138 1223 1332 1305; x_wconf 92' lang='lat' dir='ltr'><strong>plerumque</strong></span> <span class='ocrx_word' id='word_1_71' title='bbox 1359 1225 1407 1284; x_wconf 91' lang='lat' dir='ltr'><strong>in-</strong></span> 
     </span>
     <span class='ocr_line' id='line_1_9' title="bbox 136 1325 1407 1409; baseline 0.002 -23"><span class='ocrx_word' id='word_1_72' title='bbox 136 1341 188 1386; x_wconf 80' lang='lat'><strong>149</strong></span> <span class='ocrx_word' id='word_1_73' title='bbox 203 1327 323 1404; x_wconf 89' lang='lat' dir='ltr'><strong>dicant,</strong></span> <span class='ocrx_word' id='word_1_74' title='bbox 338 1326 509 1408; x_wconf 86' lang='lat' dir='ltr'><strong>diligentia</strong></span> <span class='ocrx_word' id='word_1_75' title='bbox 525 1335 595 1403; x_wconf 90' lang='lat' dir='ltr'><strong>est;</strong></span> <span class='ocrx_word' id='word_1_76' title='bbox 619 1327 653 1389; x_wconf 91' lang='lat' dir='ltr'><strong>id</strong></span> <span class='ocrx_word' id='word_1_77' title='bbox 674 1334 787 1390; x_wconf 90' lang='lat' dir='ltr'><strong>tamen</strong></span> <span class='ocrx_word' id='word_1_78' title='bbox 809 1325 1055 1389; x_wconf 88' lang='lat' dir='ltr'><strong>dissimulanter</strong></span> <span class='ocrx_word' id='word_1_79' title='bbox 1074 1327 1189 1409; x_wconf 89' lang='lat' dir='ltr'><strong>facere,</strong></span> <span class='ocrx_word' id='word_1_80' title='bbox 1207 1347 1248 1389; x_wconf 89' lang='lat' dir='ltr'><strong>ne</strong></span> <span class='ocrx_word' id='word_1_81' title='bbox 1269 1327 1330 1388; x_wconf 91' lang='lat' dir='ltr'><strong>sibi</strong></span> <span class='ocrx_word' id='word_1_82' title='bbox 1352 1325 1407 1388; x_wconf 86' lang='lat' dir='ltr'><strong>ille</strong></span> 
     </span>
     <span class='ocr_line' id='line_1_10' title="bbox 202 1419 1405 1512; baseline 0.001 -21"><span class='ocrx_word' id='word_1_83' title='bbox 202 1419 326 1511; x_wconf 79' lang='lat' dir='ltr'><strong>aliq&#39;uid</strong></span> <span class='ocrx_word' id='word_1_84' title='bbox 350 1430 509 1511; x_wconf 90' lang='lat' dir='ltr'><strong>proficere</strong></span> <span class='ocrx_word' id='word_1_85' title='bbox 524 1431 684 1505; x_wconf 91' lang='lat' dir='ltr'><strong>videatur,</strong></span> <span class='ocrx_word' id='word_1_86' title='bbox 701 1431 879 1512; x_wconf 91' lang='lat' dir='ltr'><strong>prudentia</strong></span> <span class='ocrx_word' id='word_1_87' title='bbox 893 1438 964 1508; x_wconf 89' lang='lat' dir='ltr'><strong>est;</strong></span> <span class='ocrx_word' id='word_1_88' title='bbox 988 1431 1109 1494; x_wconf 91' lang='lat' dir='ltr'><strong>deinde</strong></span> <span class='ocrx_word' id='word_1_89' title='bbox 1132 1439 1168 1493; x_wconf 92' lang='lat' dir='ltr'><strong>ut</strong></span> <span class='ocrx_word' id='word_1_90' title='bbox 1191 1433 1224 1493; x_wconf 93' lang='lat' dir='ltr'><strong>in</strong></span> <span class='ocrx_word' id='word_1_91' title='bbox 1247 1432 1293 1493; x_wconf 92' lang='lat' dir='ltr'><strong>eis</strong></span> <span class='ocrx_word' id='word_1_92' title='bbox 1317 1430 1405 1507; x_wconf 91' lang='lat' dir='ltr'><strong>locis,</strong></span> 
     </span>
     <span class='ocr_line' id='line_1_11' title="bbox 202 1533 1450 1616; baseline 0.002 -20"><span class='ocrx_word' id='word_1_93' title='bbox 202 1554 285 1615; x_wconf 92' lang='lat' dir='ltr'><strong>quos</strong></span> <span class='ocrx_word' id='word_1_94' title='bbox 296 1554 480 1616; x_wconf 88' lang='lat' dir='ltr'><strong>proponam</strong></span> <span class='ocrx_word' id='word_1_95' title='bbox 492 1533 592 1615; x_wconf 90' lang='lat' dir='ltr'><strong>paulo</strong></span> <span class='ocrx_word' id='word_1_96' title='bbox 604 1543 689 1615; x_wconf 93' lang='lat' dir='ltr'><strong>post,</strong></span> <span class='ocrx_word' id='word_1_97' title='bbox 700 1533 908 1616; x_wconf 88' lang='lat' dir='ltr'><strong>pervolvatur</strong></span> <span class='ocrx_word' id='word_1_98' title='bbox 919 1535 1058 1610; x_wconf 89' lang='lat' dir='ltr'><strong>animus,</strong></span> <span class='ocrx_word' id='word_1_99' title='bbox 1069 1544 1104 1598; x_wconf 95' lang='lat' dir='ltr'><strong>ut</strong></span> <span class='ocrx_word' id='word_1_100' title='bbox 1117 1537 1249 1616; x_wconf 92' lang='lat' dir='ltr'><strong>penitus</strong></span> <span class='ocrx_word' id='word_1_101' title='bbox 1264 1536 1405 1598; x_wconf 88' lang='lat' dir='ltr'><strong>insinuet</strong></span> <span class='ocrx_word' id='word_1_102' title='bbox 1421 1555 1450 1592; x_wconf 91' lang='lat'><strong>10</strong></span> 
     </span>
     <span class='ocr_line' id='line_1_12' title="bbox 202 1637 1403 1719; baseline 0.002 -19"><span class='ocrx_word' id='word_1_103' title='bbox 202 1641 235 1700; x_wconf 90' lang='lat' dir='ltr'><strong>in</strong></span> <span class='ocrx_word' id='word_1_104' title='bbox 261 1659 404 1715; x_wconf 89' lang='lat' dir='ltr'><strong>causam,</strong></span> <span class='ocrx_word' id='word_1_105' title='bbox 431 1646 468 1700; x_wconf 92' lang='lat' dir='ltr'><strong>ut</strong></span> <span class='ocrx_word' id='word_1_106' title='bbox 494 1639 536 1702; x_wconf 91' lang='lat' dir='ltr'><strong>sit</strong></span> <span class='ocrx_word' id='word_1_107' title='bbox 563 1656 640 1701; x_wconf 88' lang='lat' dir='ltr'><strong>cura</strong></span> <span class='ocrx_word' id='word_1_108' title='bbox 671 1645 704 1700; x_wconf 93' lang='lat' dir='ltr'><strong>et</strong></span> <span class='ocrx_word' id='word_1_109' title='bbox 731 1637 931 1718; x_wconf 84' lang='lat' dir='ltr'><strong>cogitatione</strong></span> <span class='ocrx_word' id='word_1_110' title='bbox 956 1637 1110 1715; x_wconf 70' lang='lat' dir='ltr'><strong>intentus</strong></span> <span class='ocrx_word' id='word_1_111' title='bbox 1133 1637 1304 1719; x_wconf 84' lang='lat' dir='ltr'><strong>diligentia</strong></span> <span class='ocrx_word' id='word_1_112' title='bbox 1334 1649 1403 1716; x_wconf 90' lang='lat' dir='ltr'><strong>est;</strong></span> 
     </span>
     <span class='ocr_line' id='line_1_13' title="bbox 202 1739 1403 1823; baseline 0.002 -19"><span class='ocrx_word' id='word_1_113' title='bbox 202 1751 238 1805; x_wconf 91' lang='lat' dir='ltr'><strong>ut</strong></span> <span class='ocrx_word' id='word_1_114' title='bbox 262 1741 313 1804; x_wconf 94' lang='lat' dir='ltr'><strong>his</strong></span> <span class='ocrx_word' id='word_1_115' title='bbox 340 1741 436 1805; x_wconf 91' lang='lat' dir='ltr'><strong>rebus</strong></span> <span class='ocrx_word' id='word_1_116' title='bbox 461 1741 618 1805; x_wconf 88' lang='lat' dir='ltr'><strong>adhibeat</strong></span> <span class='ocrx_word' id='word_1_117' title='bbox 633 1750 804 1823; x_wconf 88' lang='lat' dir='ltr'><strong>tamquam</strong></span> <span class='ocrx_word' id='word_1_118' title='bbox 832 1739 943 1802; x_wconf 89' lang='lat' dir='ltr'><strong>lumen</strong></span> <span class='ocrx_word' id='word_1_119' title='bbox 968 1739 1102 1822; x_wconf 89' lang='lat' dir='ltr'><strong>aliquod</strong></span> <span class='ocrx_word' id='word_1_120' title='bbox 1134 1743 1334 1814; x_wconf 89' lang='lat' dir='ltr'><strong>memoriam,</strong></span> <span class='ocrx_word' id='word_1_121' title='bbox 1367 1752 1403 1806; x_wconf 91' lang='lat' dir='ltr'><strong>ut</strong></span> 
     </span>
     <span class='ocr_line' id='line_1_14' title="bbox 134 1844 1402 1926; baseline 0.003 -23"><span class='ocrx_word' id='word_1_122' title='bbox 134 1856 187 1902; x_wconf 82' lang='lat'><strong>150</strong></span> <span class='ocrx_word' id='word_1_123' title='bbox 200 1865 326 1920; x_wconf 91' lang='lat' dir='ltr'><strong>vocem,</strong></span> <span class='ocrx_word' id='word_1_124' title='bbox 351 1855 388 1909; x_wconf 93' lang='lat' dir='ltr'><strong>ut</strong></span> <span class='ocrx_word' id='word_1_125' title='bbox 409 1847 495 1922; x_wconf 89' lang='lat' dir='ltr'><strong>viris,</strong></span> <span class='ocrx_word' id='word_1_126' title='bbox 517 1844 693 1926; x_wconf 77' lang='lat' dir='ltr'><strong>diligentia</strong></span> <span class='ocrx_word' id='word_1_127' title='bbox 715 1853 772 1907; x_wconf 84' lang='lat' dir='ltr'><strong>est.</strong></span> <span class='ocrx_word' id='word_1_128' title='bbox 818 1844 911 1906; x_wconf 92' lang='lat' dir='ltr'><strong>Inter</strong></span> <span class='ocrx_word' id='word_1_129' title='bbox 932 1845 1099 1925; x_wconf 87' lang='lat' dir='ltr'><strong>ingenium</strong></span> <span class='ocrx_word' id='word_1_130' title='bbox 1114 1845 1250 1925; x_wconf 91' lang='lat' dir='ltr'><strong>quidem</strong></span> <span class='ocrx_word' id='word_1_131' title='bbox 1274 1853 1307 1907; x_wconf 90' lang='lat' dir='ltr'><strong>et</strong></span> <span class='ocrx_word' id='word_1_132' title='bbox 1329 1845 1402 1908; x_wconf 92' lang='lat' dir='ltr'><strong>dili·</strong></span> 
     </span>
     <span class='ocr_line' id='line_1_15' title="bbox 199 1946 1402 2031; baseline -0.002 -19"><span class='ocrx_word' id='word_1_133' title='bbox 199 1951 346 2030; x_wconf 88' lang='lat' dir='ltr'><strong>gentiam</strong></span> <span class='ocrx_word' id='word_1_134' title='bbox 385 1948 578 2031; x_wconf 89' lang='lat' dir='ltr'><strong>perpaulum</strong></span> <span class='ocrx_word' id='word_1_135' title='bbox 612 1946 674 2011; x_wconf 89' lang='lat' dir='ltr'><strong>loci</strong></span> <span class='ocrx_word' id='word_1_136' title='bbox 693 2008 696 2013; x_wconf 85' lang='grc'><strong>,</strong></span> <span class='ocrx_word' id='word_1_137' title='bbox 712 1947 873 2029; x_wconf 91' lang='lat' dir='ltr'><strong>reliquum</strong></span> <span class='ocrx_word' id='word_1_138' title='bbox 904 1955 954 2010; x_wconf 90' lang='lat' dir='ltr'><strong>est</strong></span> <span class='ocrx_word' id='word_1_139' title='bbox 988 1948 1075 2010; x_wconf 92' lang='lat' dir='ltr'><strong>arti:</strong></span> <span class='ocrx_word' id='word_1_140' title='bbox 1113 1967 1165 2009; x_wconf 92' lang='lat' dir='ltr'><strong>ars</strong></span> <span class='ocrx_word' id='word_1_141' title='bbox 1195 1948 1402 2010; x_wconf 90' lang='lat' dir='ltr'><strong>demonstrat</strong></span> 
     </span>
     <span class='ocr_line' id='line_1_16' title="bbox 199 2049 1445 2133; baseline -0.003 -19"><span class='ocrx_word' id='word_1_142' title='bbox 199 2061 339 2130; x_wconf 90' lang='lat' dir='ltr'><strong>tantum,</strong></span> <span class='ocrx_word' id='word_1_143' title='bbox 355 2053 410 2114; x_wconf 90' lang='lat' dir='ltr'><strong>ubi</strong></span> <span class='ocrx_word' id='word_1_144' title='bbox 430 2073 577 2133; x_wconf 88' lang='lat' dir='ltr'><strong>quaeras,</strong></span> <span class='ocrx_word' id='word_1_145' title='bbox 593 2061 694 2132; x_wconf 89' lang='lat' dir='ltr'><strong>atque</strong></span> <span class='ocrx_word' id='word_1_146' title='bbox 716 2051 772 2114; x_wconf 93' lang='lat' dir='ltr'><strong>ubi</strong></span> <span class='ocrx_word' id='word_1_147' title='bbox 795 2052 838 2114; x_wconf 92' lang='lat' dir='ltr'><strong>sit</strong></span> <span class='ocrx_word' id='word_1_148' title='bbox 861 2049 950 2127; x_wconf 90' lang='lat' dir='ltr'><strong>illud,</strong></span> <span class='ocrx_word' id='word_1_149' title='bbox 965 2050 1055 2131; x_wconf 91' lang='lat' dir='ltr'><strong>quod</strong></span> <span class='ocrx_word' id='word_1_150' title='bbox 1078 2052 1213 2114; x_wconf 85' lang='lat' dir='ltr'><strong>studeas</strong></span> <span class='ocrx_word' id='word_1_151' title='bbox 1236 2053 1445 2130; x_wconf 83' lang='lat' dir='ltr'><strong>invenire315</strong></span> 
     </span>
     <span class='ocr_line' id='line_1_17' title="bbox 199 2152 1399 2238; baseline 0.001 -21"><span class='ocrx_word' id='word_1_152' title='bbox 199 2155 323 2238; x_wconf 89' lang='lat' dir='ltr'><strong>reliqua</strong></span> <span class='ocrx_word' id='word_1_153' title='bbox 339 2157 464 2218; x_wconf 90' lang='lat' dir='ltr'><strong>suntin</strong></span> <span class='ocrx_word' id='word_1_154' title='bbox 483 2175 569 2232; x_wconf 89' lang='lat' dir='ltr'><strong>cura,</strong></span> <span class='ocrx_word' id='word_1_155' title='bbox 586 2156 770 2218; x_wconf 91' lang='lat' dir='ltr'><strong>attentione</strong></span> <span class='ocrx_word' id='word_1_156' title='bbox 785 2155 895 2232; x_wconf 91' lang='lat' dir='ltr'><strong>animi,</strong></span> <span class='ocrx_word' id='word_1_157' title='bbox 916 2155 1125 2235; x_wconf 88' lang='lat' dir='ltr'><strong>cogitatione,</strong></span> <span class='ocrx_word' id='word_1_158' title='bbox 1139 2152 1319 2236; x_wconf 86' lang='lat' dir='ltr'><strong>vigilantia,</strong></span> <span class='ocrx_word' id='word_1_159' title='bbox 1340 2157 1399 2218; x_wconf 94' lang='lat' dir='ltr'><strong>ad-</strong></span> 
     </span>
     <span class='ocr_line' id='line_1_18' title="bbox 198 2257 1400 2340; baseline 0 -17"><span class='ocrx_word' id='word_1_160' title='bbox 198 2259 363 2336; x_wconf 91' lang='lat' dir='ltr'><strong>siduitate,</strong></span> <span class='ocrx_word' id='word_1_161' title='bbox 393 2258 526 2336; x_wconf 92' lang='lat' dir='ltr'><strong>labore;</strong></span> <span class='ocrx_word' id='word_1_162' title='bbox 560 2257 762 2340; x_wconf 89' lang='lat' dir='ltr'><strong>complectar</strong></span> <span class='ocrx_word' id='word_1_163' title='bbox 795 2277 861 2320; x_wconf 92' lang='lat' dir='ltr'><strong>uno</strong></span> <span class='ocrx_word' id='word_1_164' title='bbox 890 2257 1000 2335; x_wconf 89' lang='lat' dir='ltr'><strong>verbo,</strong></span> <span class='ocrx_word' id='word_1_165' title='bbox 1029 2278 1096 2338; x_wconf 91' lang='lat' dir='ltr'><strong>quo</strong></span> <span class='ocrx_word' id='word_1_166' title='bbox 1126 2278 1224 2340; x_wconf 89' lang='lat' dir='ltr'><strong>saepe</strong></span> <span class='ocrx_word' id='word_1_167' title='bbox 1254 2260 1320 2321; x_wconf 88' lang='lat' dir='ltr'><strong>iam</strong></span> <span class='ocrx_word' id='word_1_168' title='bbox 1350 2263 1400 2323; x_wconf 92' lang='lat' dir='ltr'><strong>usi</strong></span> 
     </span>
     <span class='ocr_line' id='line_1_19' title="bbox 198 2361 1400 2444; baseline 0 -18"><span class='ocrx_word' id='word_1_169' title='bbox 198 2384 321 2438; x_wconf 92' lang='lat' dir='ltr'><strong>sumus,</strong></span> <span class='ocrx_word' id='word_1_170' title='bbox 338 2362 526 2444; x_wconf 86' lang='lat' dir='ltr'><strong>diligentia3</strong></span> <span class='ocrx_word' id='word_1_171' title='bbox 548 2383 615 2444; x_wconf 93' lang='lat' dir='ltr'><strong>qua</strong></span> <span class='ocrx_word' id='word_1_172' title='bbox 639 2381 705 2424; x_wconf 87' lang='lat' dir='ltr'><strong>una</strong></span> <span class='ocrx_word' id='word_1_173' title='bbox 724 2365 845 2426; x_wconf 92' lang='lat' dir='ltr'><strong>virtute</strong></span> <span class='ocrx_word' id='word_1_174' title='bbox 867 2382 983 2424; x_wconf 93' lang='lat' dir='ltr'><strong>omnes</strong></span> <span class='ocrx_word' id='word_1_175' title='bbox 1003 2362 1139 2424; x_wconf 90' lang='lat' dir='ltr'><strong>virtutes</strong></span> <span class='ocrx_word' id='word_1_176' title='bbox 1157 2361 1301 2443; x_wconf 89' lang='lat' dir='ltr'><strong>reliquae</strong></span> <span class='ocrx_word' id='word_1_177' title='bbox 1322 2383 1400 2426; x_wconf 91' lang='lat' dir='ltr'><strong>con-</strong></span> 
     </span>
     <span class='ocr_line' id='line_1_20' title="bbox 135 2464 1399 2546; baseline -0.001 -16"><span class='ocrx_word' id='word_1_178' title='bbox 135 2469 351 2531; x_wconf 84' lang='lat' dir='ltr'><strong>1⁵1rinentur.</strong></span> <span class='ocrx_word' id='word_1_179' title='bbox 398 2467 488 2529; x_wconf 91' lang='lat' dir='ltr'><strong>Nam</strong></span> <span class='ocrx_word' id='word_1_180' title='bbox 518 2467 675 2528; x_wconf 88' lang='lat' dir='ltr'><strong>orationis</strong></span> <span class='ocrx_word' id='word_1_181' title='bbox 706 2465 841 2546; x_wconf 90' lang='lat' dir='ltr'><strong>quidem</strong></span> <span class='ocrx_word' id='word_1_182' title='bbox 865 2465 961 2546; x_wconf 87' lang='lat' dir='ltr'><strong>copia</strong></span> <span class='ocrx_word' id='word_1_183' title='bbox 990 2464 1140 2526; x_wconf 91' lang='lat' dir='ltr'><strong>videmus</strong></span> <span class='ocrx_word' id='word_1_184' title='bbox 1167 2473 1203 2527; x_wconf 90' lang='lat' dir='ltr'><strong>ut</strong></span> <span class='ocrx_word' id='word_1_185' title='bbox 1229 2464 1399 2529; x_wconf 90' lang='lat' dir='ltr'><strong>abundent</strong></span> 
     </span>
     <span class='ocr_line' id='line_1_21' title="bbox 196 2565 1444 2654; baseline -0.003 -21"><span class='ocrx_word' id='word_1_186' title='bbox 196 2570 393 2654; x_wconf 88' lang='lat' dir='ltr'><strong>philosophi,</strong></span> <span class='ocrx_word' id='word_1_187' title='bbox 416 2571 480 2652; x_wconf 90' lang='lat' dir='ltr'><strong>qui,</strong></span> <span class='ocrx_word' id='word_1_188' title='bbox 507 2577 544 2632; x_wconf 91' lang='lat' dir='ltr'><strong>ut</strong></span> <span class='ocrx_word' id='word_1_189' title='bbox 573 2567 793 2649; x_wconf 92' lang='lat' dir='ltr'><strong>opinor-sed</strong></span> <span class='ocrx_word' id='word_1_190' title='bbox 818 2577 854 2630; x_wconf 89' lang='lat' dir='ltr'><strong>tu</strong></span> <span class='ocrx_word' id='word_1_191' title='bbox 878 2565 969 2645; x_wconf 90' lang='lat' dir='ltr'><strong>haec,</strong></span> <span class='ocrx_word' id='word_1_192' title='bbox 998 2565 1123 2645; x_wconf 87' lang='lat' dir='ltr'><strong>Catule,</strong></span> <span class='ocrx_word' id='word_1_193' title='bbox 1148 2569 1399 2635; x_wconf 91' lang='lat' dir='ltr'><strong>melius-nulla</strong></span> <span class='ocrx_word' id='word_1_194' title='bbox 1414 2596 1444 2630; x_wconf 82' lang='lat'><strong>20</strong></span> 
     </span>
     <span class='ocr_line' id='line_1_22' title="bbox 194 2671 1399 2756; baseline -0.002 -17"><span class='ocrx_word' id='word_1_195' title='bbox 194 2677 276 2739; x_wconf 89' lang='lat' dir='ltr'><strong>dant</strong></span> <span class='ocrx_word' id='word_1_196' title='bbox 299 2683 476 2756; x_wconf 88' lang='lat' dir='ltr'><strong>praecepta</strong></span> <span class='ocrx_word' id='word_1_197' title='bbox 492 2673 623 2736; x_wconf 88' lang='lat' dir='ltr'><strong>dicendi</strong></span> <span class='ocrx_word' id='word_1_198' title='bbox 646 2692 706 2735; x_wconf 91' lang='lat' dir='ltr'><strong>nec</strong></span> <span class='ocrx_word' id='word_1_199' title='bbox 729 2672 850 2734; x_wconf 91' lang='lat' dir='ltr'><strong>idcirco</strong></span> <span class='ocrx_word' id='word_1_200' title='bbox 867 2671 984 2746; x_wconf 90' lang='lat' dir='ltr'><strong>minus,</strong></span> <span class='ocrx_word' id='word_1_201' title='bbox 1001 2690 1231 2754; x_wconf 91' lang='lat' dir='ltr'><strong>quaecumque</strong></span> <span class='ocrx_word' id='word_1_202' title='bbox 1253 2693 1304 2736; x_wconf 89' lang='lat' dir='ltr'><strong>res</strong></span> <span class='ocrx_word' id='word_1_203' title='bbox 1324 2695 1399 2756; x_wconf 92' lang='lat' dir='ltr'><strong>pro-</strong></span> 
     </span>
     <span class='ocr_line' id='line_1_23' title="bbox 193 2774 1399 2861; baseline 0 -20"><span class='ocrx_word' id='word_1_204' title='bbox 193 2780 301 2861; x_wconf 91' lang='lat' dir='ltr'><strong>posita</strong></span> <span class='ocrx_word' id='word_1_205' title='bbox 318 2787 377 2856; x_wconf 90' lang='lat' dir='ltr'><strong>est,</strong></span> <span class='ocrx_word' id='word_1_206' title='bbox 400 2778 592 2859; x_wconf 90' lang='lat' dir='ltr'><strong>suscipiunt,</strong></span> <span class='ocrx_word' id='word_1_207' title='bbox 613 2776 655 2837; x_wconf 91' lang='lat' dir='ltr'><strong>de</strong></span> <span class='ocrx_word' id='word_1_208' title='bbox 678 2796 744 2857; x_wconf 89' lang='lat' dir='ltr'><strong>qua</strong></span> <span class='ocrx_word' id='word_1_209' title='bbox 768 2775 900 2856; x_wconf 92' lang='lat' dir='ltr'><strong>copiose</strong></span> <span class='ocrx_word' id='word_1_210' title='bbox 919 2783 953 2838; x_wconf 90' lang='lat' dir='ltr'><strong>et</strong></span> <span class='ocrx_word' id='word_1_211' title='bbox 975 2774 1183 2838; x_wconf 91' lang='lat' dir='ltr'><strong>abundanter</strong></span> <span class='ocrx_word' id='word_1_212' title='bbox 1204 2775 1399 2859; x_wconf 89' lang='lat' dir='ltr'><strong>loquantur.’</strong></span> 
     </span>
    </p>
   </div>
   <div class='ocr_carea' id='block_1_5' title="bbox 1377 2891 1415 2918">
    <p class='ocr_par' dir='ltr' id='par_1_5' title="bbox 1377 2891 1415 2918">
     <span class='ocr_line' id='line_1_24' title="bbox 1377 2891 1415 2918; baseline 0 -5"><span class='ocrx_word' id='word_1_213' title='bbox 1377 2891 1415 2918; x_wconf 60' lang='lat' dir='ltr'><strong>d*</strong></span> 
     </span>
    </p>
   </div>
   <div class='ocr_carea' id='block_1_6' title="bbox 188 2935 1395 3171">
    <p class='ocr_par' dir='ltr' id='par_1_6' title="bbox 188 2935 1395 3171">
     <span class='ocr_line' id='line_1_25' title="bbox 226 2935 1394 3036; baseline -0.001 -12"><span class='ocrx_word' id='word_1_214' title='bbox 226 2977 247 3024; x_wconf 89' lang='lat'><strong>8.</strong></span> <span class='ocrx_word' id='word_1_215' title='bbox 266 2977 292 3022; x_wconf 86' lang='lat' dir='ltr'><strong>id</strong></span> <span class='ocrx_word' id='word_1_216' title='bbox 301 2985 378 3023; x_wconf 82' lang='lat' dir='ltr'><strong>tamen</strong></span> <span class='ocrx_word' id='word_1_217' title='bbox 391 3011 397 3023; x_wconf 92' lang='lat'><strong>.</strong></span> <span class='ocrx_word' id='word_1_218' title='bbox 411 3011 416 3022; x_wconf 93' lang='lat'>.</span> <span class='ocrx_word' id='word_1_219' title='bbox 431 3011 436 3024; x_wconf 93' lang='lat'><strong><em>.</em></strong></span> <span class='ocrx_word' id='word_1_220' title='bbox 444 2974 571 3036; x_wconf 81' lang='lat' dir='ltr'><strong>prudentia</strong></span> <span class='ocrx_word' id='word_1_221' title='bbox 588 2979 622 3021; x_wconf 82' lang='lat' dir='ltr'><strong>est</strong></span> <span class='ocrx_word' id='word_1_222' title='bbox 639 2970 697 3022; x_wconf 87' lang='lat' dir='ltr'><strong>incl.</strong></span> <span class='ocrx_word' id='word_1_223' title='bbox 715 2972 746 3022; x_wconf 88' lang='lat' dir='ltr'><strong>K.</strong></span> <span class='ocrx_word' id='word_1_224' title='bbox 923 2935 961 3020; x_wconf 51' lang='lat' dir='ltr'><strong>ta:</strong></span> <span class='ocrx_word' id='word_1_225' title='bbox 980 2981 1007 3018; x_wconf 87' lang='lat' dir='ltr'><strong>ut</strong></span> <span class='ocrx_word' id='word_1_226' title='bbox 1023 2971 1058 3019; x_wconf 77' lang='lat' dir='ltr'><strong>lis</strong></span> <span class='ocrx_word' id='word_1_227' title='bbox 1076 2972 1141 3019; x_wconf 81' lang='lat' dir='ltr'><strong>rebus</strong></span> <span class='ocrx_word' id='word_1_228' title='bbox 1155 3008 1160 3018; x_wconf 91' lang='lat'><strong>.</strong></span> <span class='ocrx_word' id='word_1_229' title='bbox 1174 3009 1179 3020; x_wconf 90' lang='lat'>.</span> <span class='ocrx_word' id='word_1_230' title='bbox 1193 3007 1199 3018; x_wconf 94' lang='lat'><strong><em>.</em></strong></span> <span class='ocrx_word' id='word_1_231' title='bbox 1211 2972 1269 3019; x_wconf 85' lang='lat' dir='ltr'><strong>viris</strong></span> <span class='ocrx_word' id='word_1_232' title='bbox 1285 2972 1342 3022; x_wconf 88' lang='lat' dir='ltr'><strong>incl.</strong></span> <span class='ocrx_word' id='word_1_233' title='bbox 1361 2975 1394 3024; x_wconf 93' lang='lat' dir='ltr'><strong>K.</strong></span> 
     </span>
     <span class='ocr_line' id='line_1_26' title="bbox 195 3036 1395 3104; baseline -0.002 -14"><span class='ocrx_word' id='word_1_234' title='bbox 195 3055 232 3104; x_wconf 85' lang='lat'><strong>13.</strong></span> <span class='ocrx_word' id='word_1_235' title='bbox 251 3041 372 3103; x_wconf 80' lang='lat' dir='ltr'><strong>diligentia</strong></span> <span class='ocrx_word' id='word_1_236' title='bbox 390 3049 422 3086; x_wconf 82' lang='lat' dir='ltr'><strong>est</strong></span> <span class='ocrx_word' id='word_1_237' title='bbox 440 3054 489 3087; x_wconf 91' lang='lat' dir='ltr'><strong>om.</strong></span> <span class='ocrx_word' id='word_1_238' title='bbox 509 3037 534 3086; x_wconf 88' lang='lat' dir='ltr'><strong>K</strong></span> <span class='ocrx_word' id='word_1_239' title='bbox 551 3053 608 3086; x_wconf 90' lang='lat' dir='ltr'><strong>eum</strong></span> <span class='ocrx_word' id='word_1_240' title='bbox 623 3038 696 3086; x_wconf 92' lang='lat' dir='ltr'><strong>codd.</strong></span> <span class='ocrx_word' id='word_1_241' title='bbox 708 3044 770 3086; x_wconf 93' lang='lat' dir='ltr'><strong>mnt.</strong></span> <span class='ocrx_word' id='word_1_242' title='bbox 892 3049 929 3097; x_wconf 85' lang='lat'><strong>14.</strong></span> <span class='ocrx_word' id='word_1_243' title='bbox 945 3038 1087 3098; x_wconf 80' lang='lat' dir='ltr'><strong>perpaulum</strong></span> <span class='ocrx_word' id='word_1_244' title='bbox 1103 3036 1175 3084; x_wconf 89' lang='lat' dir='ltr'><strong>codd.</strong></span> <span class='ocrx_word' id='word_1_245' title='bbox 1195 3044 1246 3100; x_wconf 92' lang='lat' dir='ltr'><strong>opt.</strong></span> <span class='ocrx_word' id='word_1_246' title='bbox 1261 3037 1311 3086; x_wconf 90' lang='lat' dir='ltr'><strong>KS.</strong></span> <span class='ocrx_word' id='word_1_247' title='bbox 1341 3050 1395 3101; x_wconf 82' lang='lat' dir='ltr'><strong>per-</strong></span> 
     </span>
     <span class='ocr_line' id='line_1_27' title="bbox 188 3100 1355 3171; baseline -0.002 -16"><span class='ocrx_word' id='word_1_248' title='bbox 188 3107 314 3171; x_wconf 82' lang='lat' dir='ltr'><strong>paululum</strong></span> <span class='ocrx_word' id='word_1_249' title='bbox 323 3106 343 3153; x_wconf 89' lang='lat' dir='ltr'><strong>P</strong></span> <span class='ocrx_word' id='word_1_250' title='bbox 351 3104 395 3168; x_wconf 90' lang='lat' dir='ltr'><strong>(cf.</strong></span> <span class='ocrx_word' id='word_1_251' title='bbox 404 3109 417 3164; x_wconf 65' lang='lat' dir='ltr'><strong>t</strong></span> <span class='ocrx_word' id='word_1_252' title='bbox 427 3105 495 3168; x_wconf 78' lang='lat'><strong>234).</strong></span> <span class='ocrx_word' id='word_1_253' title='bbox 564 3104 601 3152; x_wconf 92' lang='lat'><strong>18.</strong></span> <span class='ocrx_word' id='word_1_254' title='bbox 620 3101 715 3166; x_wconf 85' lang='lat' dir='ltr'><strong>[virtute</strong></span> <span class='ocrx_word' id='word_1_255' title='bbox 729 3101 815 3165; x_wconf 84' lang='lat' dir='ltr'><strong>omnes]</strong></span> <span class='ocrx_word' id='word_1_256' title='bbox 830 3101 889 3150; x_wconf 75' lang='lat' dir='ltr'><strong>incl,</strong></span> <span class='ocrx_word' id='word_1_257' title='bbox 901 3100 936 3152; x_wconf 87' lang='lat' dir='ltr'><strong>K.</strong></span> <span class='ocrx_word' id='word_1_258' title='bbox 948 3117 1024 3149; x_wconf 82' lang='lat' dir='ltr'><strong>omues</strong></span> <span class='ocrx_word' id='word_1_259' title='bbox 1036 3116 1085 3152; x_wconf 91' lang='lat' dir='ltr'><strong>om.</strong></span> <span class='ocrx_word' id='word_1_260' title='bbox 1098 3101 1116 3150; x_wconf 91' lang='lat' dir='ltr'>S</span> <span class='ocrx_word' id='word_1_261' title='bbox 1128 3116 1178 3151; x_wconf 80' lang='lat' dir='ltr'><strong>om,</strong></span> <span class='ocrx_word' id='word_1_262' title='bbox 1191 3101 1263 3151; x_wconf 90' lang='lat' dir='ltr'><strong>codd.</strong></span> <span class='ocrx_word' id='word_1_263' title='bbox 1276 3103 1355 3154; x_wconf 89' lang='lat' dir='ltr'><strong>mutil.</strong></span> 
     </span>
    </p>
   </div>
   <div class='ocr_carea' id='block_1_7' title="bbox 184 3281 1392 4651">
    <p class='ocr_par' dir='ltr' id='par_1_7' title="bbox 189 3281 1392 3806">
     <span class='ocr_line' id='line_1_28' title="bbox 191 3281 1201 3347; baseline -0.005 -10"><span class='ocrx_word' id='word_1_264' title='bbox 191 3291 253 3337; x_wconf 85' lang='lat' dir='ltr'><strong>start</strong></span> <span class='ocrx_word' id='word_1_265' title='bbox 264 3284 350 3335; x_wconf 67' lang='lat' dir='ltr'><strong>with?</strong></span> <span class='ocrx_word' id='word_1_266' title='bbox 367 3302 396 3334; x_wconf 76' lang='lat' dir='ltr'><strong>ee</strong></span> <span class='ocrx_word' id='word_1_267' title='bbox 405 3285 525 3347; x_wconf 88' lang='lat' dir='ltr'><strong>denoting</strong></span> <span class='ocrx_word' id='word_1_268' title='bbox 540 3282 643 3347; x_wconf 84' lang='lat' dir='ltr'><strong>change,</strong></span> <span class='ocrx_word' id='word_1_269' title='bbox 656 3297 683 3331; x_wconf 88' lang='lat' dir='ltr'><strong>as</strong></span> <span class='ocrx_word' id='word_1_270' title='bbox 696 3282 720 3330; x_wconf 94' lang='lat' dir='ltr'><strong>in</strong></span> <span class='ocrx_word' id='word_1_271' title='bbox 735 3282 767 3332; x_wconf 92' lang='lat' dir='ltr'><strong>de</strong></span> <span class='ocrx_word' id='word_1_272' title='bbox 853 3295 891 3332; x_wconf 82' lang='grc' dir='ltr'><strong>ιο.</strong></span> <span class='ocrx_word' id='word_1_273' title='bbox 908 3285 1075 3340; x_wconf 73' lang='lat' dir='ltr'><strong>perdonent,</strong></span> <span class='ocrx_word' id='word_1_274' title='bbox 1090 3286 1102 3340; x_wconf 72' lang='grc' dir='ltr'><strong>ξ</strong></span> <span class='ocrx_word' id='word_1_275' title='bbox 1119 3281 1164 3333; x_wconf 85' lang='lat'><strong>162</strong></span> <span class='ocrx_word' id='word_1_276' title='bbox 1177 3281 1201 3332; x_wconf 84' lang='lat' dir='ltr'><strong>fi.</strong></span> 
     </span>
     <span class='ocr_line' id='line_1_29' title="bbox 192 3347 1338 3417; baseline -0.003 -16"><span class='ocrx_word' id='word_1_277' title='bbox 192 3354 254 3417; x_wconf 91' lang='lat' dir='ltr'><strong>Rep.</strong></span> <span class='ocrx_word' id='word_1_278' title='bbox 267 3353 284 3400; x_wconf 90' lang='lat' dir='ltr'><strong>i.</strong></span> <span class='ocrx_word' id='word_1_279' title='bbox 297 3366 337 3414; x_wconf 86' lang='grc'><strong>45.</strong></span> <span class='ocrx_word' id='word_1_280' title='bbox 349 3351 381 3414; x_wconf 89' lang='lat'><strong>69</strong></span> <span class='ocrx_word' id='word_1_281' title='bbox 390 3359 396 3378; x_wconf 83' lang='lat'>⁸</span> <span class='ocrx_word' id='word_1_282' title='bbox 404 3358 432 3400; x_wconf 91' lang='lat' dir='ltr'><strong>ut</strong></span> <span class='ocrx_word' id='word_1_283' title='bbox 444 3351 532 3399; x_wconf 88' lang='lat' dir='ltr'><strong>existat</strong></span> <span class='ocrx_word' id='word_1_284' title='bbox 541 3365 571 3398; x_wconf 87' lang='lat' dir='ltr'><strong>ex</strong></span> <span class='ocrx_word' id='word_1_285' title='bbox 578 3365 634 3411; x_wconf 88' lang='lat' dir='ltr'><strong>rege</strong></span> <span class='ocrx_word' id='word_1_286' title='bbox 643 3349 766 3405; x_wconf 92' lang='lat' dir='ltr'><strong>dominus,</strong></span> <span class='ocrx_word' id='word_1_287' title='bbox 850 3352 1032 3405; x_wconf 78' lang='lat' dir='ltr'><strong>pervolvatur</strong></span> <span class='ocrx_word' id='word_1_288' title='bbox 1043 3351 1081 3405; x_wconf 89' lang='lat' dir='ltr'><strong>in,</strong></span> <span class='ocrx_word' id='word_1_289' title='bbox 1095 3347 1172 3411; x_wconf 87' lang='lat' dir='ltr'><strong>‘busy</strong></span> <span class='ocrx_word' id='word_1_290' title='bbox 1184 3348 1254 3398; x_wconf 89' lang='lat' dir='ltr'><strong>itself</strong></span> <span class='ocrx_word' id='word_1_291' title='bbox 1261 3347 1338 3400; x_wconf 69' lang='lat' dir='ltr'><strong>vnrh?</strong></span> 
     </span>
     <span class='ocr_line' id='line_1_30' title="bbox 191 3413 1221 3482; baseline -0.002 -16"><span class='ocrx_word' id='word_1_292' title='bbox 191 3433 221 3466; x_wconf 92' lang='lat' dir='ltr'><strong>ex</strong></span> <span class='ocrx_word' id='word_1_293' title='bbox 232 3418 394 3482; x_wconf 82' lang='lat' dir='ltr'><strong>optimatibus</strong></span> <span class='ocrx_word' id='word_1_294' title='bbox 406 3416 491 3475; x_wconf 89' lang='lat' dir='ltr'><strong>factio,</strong></span> <span class='ocrx_word' id='word_1_295' title='bbox 508 3430 539 3464; x_wconf 87' lang='lat' dir='ltr'><strong>ex</strong></span> <span class='ocrx_word' id='word_1_296' title='bbox 554 3413 648 3478; x_wconf 92' lang='lat' dir='ltr'><strong>populo</strong></span> <span class='ocrx_word' id='word_1_297' title='bbox 660 3414 731 3462; x_wconf 90' lang='lat' dir='ltr'><strong>turba</strong></span> <span class='ocrx_word' id='word_1_298' title='bbox 742 3420 767 3462; x_wconf 91' lang='lat' dir='ltr'><strong>et</strong></span> <span class='ocrx_word' id='word_1_299' title='bbox 850 3417 990 3463; x_wconf 84' lang='lat' dir='ltr'><strong>insinuet:</strong></span> <span class='ocrx_word' id='word_1_300' title='bbox 1008 3415 1024 3464; x_wconf 92' lang='lat' dir='ltr'><strong>i.</strong></span> <span class='ocrx_word' id='word_1_301' title='bbox 1039 3427 1077 3463; x_wconf 83' lang='lat' dir='ltr'><strong>ao.</strong></span> <span class='ocrx_word' id='word_1_302' title='bbox 1087 3427 1119 3475; x_wconf 88' lang='lat'><strong>90</strong></span> <span class='ocrx_word' id='word_1_303' title='bbox 1132 3415 1221 3475; x_wconf 81' lang='lat' dir='ltr'><strong>(note).</strong></span> 
     </span>
     <span class='ocr_line' id='line_1_31' title="bbox 192 3479 1391 3543; baseline -0.002 -11"><span class='ocrx_word' id='word_1_304' title='bbox 192 3483 319 3533; x_wconf 68' lang='lat' dir='ltr'><strong>confusio!</strong></span> <span class='ocrx_word' id='word_1_305' title='bbox 352 3481 432 3539; x_wconf 86' lang='lat' dir='ltr'><strong>Sorof,</strong></span> <span class='ocrx_word' id='word_1_306' title='bbox 456 3480 581 3543; x_wconf 87' lang='lat' dir='ltr'><strong>objecting</strong></span> <span class='ocrx_word' id='word_1_307' title='bbox 599 3486 626 3528; x_wconf 91' lang='lat' dir='ltr'><strong>to</strong></span> <span class='ocrx_word' id='word_1_308' title='bbox 646 3479 689 3527; x_wconf 90' lang='lat' dir='ltr'><strong>the</strong></span> <span class='ocrx_word' id='word_1_309' title='bbox 709 3494 766 3527; x_wconf 91' lang='lat' dir='ltr'><strong>con·</strong></span> <span class='ocrx_word' id='word_1_310' title='bbox 852 3492 889 3541; x_wconf 88' lang='lat'><strong>13.</strong></span> <span class='ocrx_word' id='word_1_311' title='bbox 902 3482 1050 3536; x_wconf 75' lang='lat' dir='ltr'><strong>diligentie</strong></span> <span class='ocrx_word' id='word_1_312' title='bbox 1067 3484 1117 3535; x_wconf 85' lang='lat' dir='ltr'><strong>est,</strong></span> <span class='ocrx_word' id='word_1_313' title='bbox 1138 3479 1219 3526; x_wconf 87' lang='lat' dir='ltr'><strong>added</strong></span> <span class='ocrx_word' id='word_1_314' title='bbox 1237 3480 1271 3542; x_wconf 90' lang='lat' dir='ltr'><strong>by</strong></span> <span class='ocrx_word' id='word_1_315' title='bbox 1285 3481 1391 3539; x_wconf 86' lang='lat' dir='ltr'><strong>Ernesti,</strong></span> 
     </span>
     <span class='ocr_line' id='line_1_32' title="bbox 191 3543 1392 3603; baseline -0.001 -6"><span class='ocrx_word' id='word_1_316' title='bbox 191 3549 310 3598; x_wconf 88' lang='lat' dir='ltr'><strong>struction</strong></span> <span class='ocrx_word' id='word_1_317' title='bbox 323 3548 423 3596; x_wconf 88' lang='lat' dir='ltr'><strong>‘incitat</strong></span> <span class='ocrx_word' id='word_1_318' title='bbox 436 3545 480 3603; x_wconf 86' lang='lat' dir='ltr'><strong>ex,’</strong></span> <span class='ocrx_word' id='word_1_319' title='bbox 499 3545 615 3594; x_wconf 87' lang='lat' dir='ltr'><strong>brackets</strong></span> <span class='ocrx_word' id='word_1_320' title='bbox 630 3551 675 3592; x_wconf 88' lang='lat' dir='ltr'><strong>‘ex</strong></span> <span class='ocrx_word' id='word_1_321' title='bbox 691 3544 766 3592; x_wconf 88' lang='lat' dir='ltr'><strong>tardi·</strong></span> <span class='ocrx_word' id='word_1_322' title='bbox 816 3543 899 3592; x_wconf 89' lang='lat' dir='ltr'><strong>whom</strong></span> <span class='ocrx_word' id='word_1_323' title='bbox 921 3551 988 3592; x_wconf 90' lang='lat' dir='ltr'><strong>most</strong></span> <span class='ocrx_word' id='word_1_324' title='bbox 1009 3550 1091 3593; x_wconf 84' lang='lat' dir='ltr'><strong>recent</strong></span> <span class='ocrx_word' id='word_1_325' title='bbox 1113 3543 1205 3592; x_wconf 88' lang='lat' dir='ltr'><strong>editors</strong></span> <span class='ocrx_word' id='word_1_326' title='bbox 1227 3543 1327 3594; x_wconf 82' lang='lat' dir='ltr'><strong>follow:</strong></span> <span class='ocrx_word' id='word_1_327' title='bbox 1350 3547 1392 3596; x_wconf 90' lang='lat' dir='ltr'><strong>the</strong></span> 
     </span>
     <span class='ocr_line' id='line_1_33' title="bbox 191 3607 1391 3675; baseline -0.002 -13"><span class='ocrx_word' id='word_1_328' title='bbox 191 3614 255 3662; x_wconf 86' lang='lat' dir='ltr'><strong>tate’</strong></span> <span class='ocrx_word' id='word_1_329' title='bbox 273 3629 300 3661; x_wconf 88' lang='lat' dir='ltr'><strong>as</strong></span> <span class='ocrx_word' id='word_1_330' title='bbox 320 3611 368 3662; x_wconf 89' lang='lat' dir='ltr'><strong>dne</strong></span> <span class='ocrx_word' id='word_1_331' title='bbox 388 3621 415 3662; x_wconf 93' lang='lat' dir='ltr'><strong>to</strong></span> <span class='ocrx_word' id='word_1_332' title='bbox 434 3629 449 3661; x_wconf 90' lang='lat' dir='ltr'><strong>a</strong></span> <span class='ocrx_word' id='word_1_333' title='bbox 468 3611 566 3675; x_wconf 90' lang='lat' dir='ltr'><strong>copyist</strong></span> <span class='ocrx_word' id='word_1_334' title='bbox 585 3609 642 3658; x_wconf 91' lang='lat' dir='ltr'><strong>who</strong></span> <span class='ocrx_word' id='word_1_335' title='bbox 659 3609 703 3656; x_wconf 92' lang='lat' dir='ltr'><strong>did</strong></span> <span class='ocrx_word' id='word_1_336' title='bbox 721 3616 766 3658; x_wconf 91' lang='lat' dir='ltr'><strong>not</strong></span> <span class='ocrx_word' id='word_1_337' title='bbox 816 3609 915 3658; x_wconf 91' lang='lat' dir='ltr'><strong>inferior</strong></span> <span class='ocrx_word' id='word_1_338' title='bbox 932 3609 1004 3657; x_wconf 89' lang='lat' dir='ltr'>MSS.</span> <span class='ocrx_word' id='word_1_339' title='bbox 1020 3608 1083 3657; x_wconf 84' lang='lat' dir='ltr'><strong>have</strong></span> <span class='ocrx_word' id='word_1_340' title='bbox 1100 3607 1167 3656; x_wconf 88' lang='lat' dir='ltr'><strong>filled</strong></span> <span class='ocrx_word' id='word_1_341' title='bbox 1184 3624 1218 3672; x_wconf 93' lang='lat' dir='ltr'><strong>up</strong></span> <span class='ocrx_word' id='word_1_342' title='bbox 1235 3610 1278 3660; x_wconf 89' lang='lat' dir='ltr'><strong>the</strong></span> <span class='ocrx_word' id='word_1_343' title='bbox 1294 3611 1391 3667; x_wconf 88' lang='lat' dir='ltr'><strong>lacuna,</strong></span> 
     </span>
     <span class='ocr_line' id='line_1_34' title="bbox 190 3672 1391 3733; baseline 0 -7"><span class='ocrx_word' id='word_1_344' title='bbox 190 3679 338 3728; x_wconf 87' lang='lat' dir='ltr'><strong>understand</strong></span> <span class='ocrx_word' id='word_1_345' title='bbox 355 3678 445 3726; x_wconf 82' lang='lat' dir='ltr'><strong>‘etiam</strong></span> <span class='ocrx_word' id='word_1_346' title='bbox 465 3677 568 3733; x_wconf 87' lang='lat' dir='ltr'><strong>incitat,&#39;</strong></span> <span class='ocrx_word' id='word_1_347' title='bbox 583 3675 637 3731; x_wconf 91' lang='lat' dir='ltr'><strong>but,</strong></span> <span class='ocrx_word' id='word_1_348' title='bbox 655 3674 669 3722; x_wconf 89' lang='lat'>1</span> <span class='ocrx_word' id='word_1_349' title='bbox 686 3673 766 3730; x_wconf 88' lang='lat' dir='ltr'><strong>think,</strong></span> <span class='ocrx_word' id='word_1_350' title='bbox 816 3673 899 3722; x_wconf 92' lang='lat' dir='ltr'><strong>which</strong></span> <span class='ocrx_word' id='word_1_351' title='bbox 921 3673 995 3722; x_wconf 86' lang='lat' dir='ltr'><strong>exists</strong></span> <span class='ocrx_word' id='word_1_352' title='bbox 1013 3672 1038 3721; x_wconf 92' lang='lat' dir='ltr'><strong>in</strong></span> <span class='ocrx_word' id='word_1_353' title='bbox 1056 3673 1091 3720; x_wconf 88' lang='lat' dir='ltr'><strong>all</strong></span> <span class='ocrx_word' id='word_1_354' title='bbox 1114 3673 1185 3721; x_wconf 89' lang='lat' dir='ltr'><strong>those</strong></span> <span class='ocrx_word' id='word_1_355' title='bbox 1208 3674 1238 3722; x_wconf 93' lang='lat' dir='ltr'><strong>of</strong></span> <span class='ocrx_word' id='word_1_356' title='bbox 1252 3677 1293 3724; x_wconf 92' lang='lat' dir='ltr'><strong>the</strong></span> <span class='ocrx_word' id='word_1_357' title='bbox 1311 3677 1391 3726; x_wconf 90' lang='lat' dir='ltr'><strong>better</strong></span> 
     </span>
     <span class='ocr_line' id='line_1_35' title="bbox 189 3737 1390 3806; baseline 0.005 -20"><span class='ocrx_word' id='word_1_358' title='bbox 189 3743 335 3806; x_wconf 79' lang='lat' dir='ltr'><strong>needlessly,</strong></span> <span class='ocrx_word' id='word_1_359' title='bbox 817 3738 887 3792; x_wconf 81' lang='lat' dir='ltr'><strong>class,</strong></span> <span class='ocrx_word' id='word_1_360' title='bbox 898 3739 932 3802; x_wconf 92' lang='lat' dir='ltr'><strong>by</strong></span> <span class='ocrx_word' id='word_1_361' title='bbox 941 3738 983 3787; x_wconf 92' lang='lat' dir='ltr'><strong>the</strong></span> <span class='ocrx_word' id='word_1_362' title='bbox 993 3737 1073 3786; x_wconf 84' lang='lat' dir='ltr'><strong>feeble</strong></span> <span class='ocrx_word' id='word_1_363' title='bbox 1085 3738 1201 3786; x_wconf 88' lang='lat' dir='ltr'><strong>insertion</strong></span> <span class='ocrx_word' id='word_1_364' title='bbox 1213 3739 1288 3790; x_wconf 88' lang='lat' dir='ltr'><strong>‘haec</strong></span> <span class='ocrx_word' id='word_1_365' title='bbox 1299 3758 1390 3806; x_wconf 85' lang='lat' dir='ltr'><strong>magna</strong></span> 
     </span>
    </p>

    <p class='ocr_par' dir='ltr' id='par_1_8' title="bbox 188 3801 1392 4263">
     <span class='ocr_line' id='line_1_36' title="bbox 224 3801 1389 3861; baseline -0.001 -3"><span class='ocrx_word' id='word_1_366' title='bbox 224 3811 248 3859; x_wconf 89' lang='lat'><strong>8.</strong></span> <span class='ocrx_word' id='word_1_367' title='bbox 267 3812 298 3857; x_wconf 86' lang='lat' dir='ltr'><strong>id</strong></span> <span class='ocrx_word' id='word_1_368' title='bbox 309 3814 405 3856; x_wconf 84' lang='lat' dir='ltr'><strong>temen</strong></span> <span class='ocrx_word' id='word_1_369' title='bbox 415 3845 420 3856; x_wconf 93' lang='lat'>.</span> <span class='ocrx_word' id='word_1_370' title='bbox 431 3842 437 3856; x_wconf 86' lang='lat'><strong>.</strong></span> <span class='ocrx_word' id='word_1_371' title='bbox 449 3807 673 3861; x_wconf 76' lang='lat' dir='ltr'><strong>‚prudentieeet</strong></span> <span class='ocrx_word' id='word_1_372' title='bbox 693 3801 770 3851; x_wconf 89' lang='lat' dir='ltr'><strong>Sorof</strong></span> <span class='ocrx_word' id='word_1_373' title='bbox 815 3804 888 3852; x_wconf 69' lang='lat' dir='ltr'><strong>sunt!</strong></span> <span class='ocrx_word' id='word_1_374' title='bbox 909 3804 948 3852; x_wconf 90' lang='lat' dir='ltr'><strong>To</strong></span> <span class='ocrx_word' id='word_1_375' title='bbox 961 3801 1106 3852; x_wconf 84' lang='lat' dir='ltr'><strong>‘adhibeat’</strong></span> <span class='ocrx_word' id='word_1_376' title='bbox 1119 3818 1156 3850; x_wconf 88' lang='lat' dir='ltr'><strong>we</strong></span> <span class='ocrx_word' id='word_1_377' title='bbox 1164 3811 1230 3852; x_wconf 92' lang='lat' dir='ltr'><strong>must</strong></span> <span class='ocrx_word' id='word_1_378' title='bbox 1239 3807 1389 3856; x_wconf 83' lang='lat' dir='ltr'><strong>understand</strong></span> 
     </span>
     <span class='ocr_line' id='line_1_37' title="bbox 190 3867 1392 3934; baseline -0.003 -11"><span class='ocrx_word' id='word_1_379' title='bbox 190 3874 238 3923; x_wconf 87' lang='lat' dir='ltr'><strong>and</strong></span> <span class='ocrx_word' id='word_1_380' title='bbox 256 3874 311 3921; x_wconf 89' lang='lat' dir='ltr'><strong>Pid.</strong></span> <span class='ocrx_word' id='word_1_381' title='bbox 329 3887 394 3920; x_wconf 89' lang='lat' dir='ltr'><strong>seem</strong></span> <span class='ocrx_word' id='word_1_382' title='bbox 410 3879 436 3920; x_wconf 94' lang='lat' dir='ltr'><strong>to</strong></span> <span class='ocrx_word' id='word_1_383' title='bbox 452 3885 493 3918; x_wconf 91' lang='lat' dir='ltr'><strong>me</strong></span> <span class='ocrx_word' id='word_1_384' title='bbox 510 3869 577 3934; x_wconf 87' lang='lat' dir='ltr'><strong>right</strong></span> <span class='ocrx_word' id='word_1_385' title='bbox 596 3869 621 3917; x_wconf 92' lang='lat' dir='ltr'><strong>in</strong></span> <span class='ocrx_word' id='word_1_386' title='bbox 640 3868 766 3930; x_wconf 88' lang='lat' dir='ltr'><strong>decliuing</strong></span> <span class='ocrx_word' id='word_1_387' title='bbox 816 3884 843 3916; x_wconf 88' lang='lat' dir='ltr'><strong>as</strong></span> <span class='ocrx_word' id='word_1_388' title='bbox 866 3867 909 3916; x_wconf 93' lang='lat' dir='ltr'><strong>the</strong></span> <span class='ocrx_word' id='word_1_389' title='bbox 931 3867 1025 3930; x_wconf 87' lang='lat' dir='ltr'><strong>subject</strong></span> <span class='ocrx_word' id='word_1_390' title='bbox 1047 3875 1077 3916; x_wconf 88' lang='lat' dir='ltr'><strong>‘a</strong></span> <span class='ocrx_word' id='word_1_391' title='bbox 1095 3868 1169 3924; x_wconf 87' lang='lat' dir='ltr'><strong>man,’</strong></span> <span class='ocrx_word' id='word_1_392' title='bbox 1193 3868 1227 3930; x_wconf 88' lang='lat' dir='ltr'><strong>hy</strong></span> <span class='ocrx_word' id='word_1_393' title='bbox 1248 3888 1264 3920; x_wconf 88' lang='lat' dir='ltr'><strong>a</strong></span> <span class='ocrx_word' id='word_1_394' title='bbox 1283 3872 1344 3920; x_wconf 85' lang='lat' dir='ltr'><strong>kind</strong></span> <span class='ocrx_word' id='word_1_395' title='bbox 1363 3872 1392 3921; x_wconf 91' lang='lat' dir='ltr'><strong>of</strong></span> 
     </span>
     <span class='ocr_line' id='line_1_38' title="bbox 189 3931 1387 4000; baseline -0.002 -12"><span class='ocrx_word' id='word_1_396' title='bbox 189 3947 216 3988; x_wconf 92' lang='lat' dir='ltr'><strong>to</strong></span> <span class='ocrx_word' id='word_1_397' title='bbox 233 3938 319 3987; x_wconf 90' lang='lat' dir='ltr'><strong>follow</strong></span> <span class='ocrx_word' id='word_1_398' title='bbox 341 3944 406 3984; x_wconf 91' lang='lat' dir='ltr'><strong>most</strong></span> <span class='ocrx_word' id='word_1_399' title='bbox 422 3935 515 3984; x_wconf 87' lang='lat' dir='ltr'><strong>editors</strong></span> <span class='ocrx_word' id='word_1_400' title='bbox 534 3935 598 3983; x_wconf 88' lang='lat' dir='ltr'><strong>from</strong></span> <span class='ocrx_word' id='word_1_401' title='bbox 614 3933 718 3983; x_wconf 87' lang='lat' dir='ltr'><strong>Schuetz</strong></span> <span class='ocrx_word' id='word_1_402' title='bbox 738 3939 765 3981; x_wconf 93' lang='lat' dir='ltr'><strong>to</strong></span> <span class='ocrx_word' id='word_1_403' title='bbox 815 3949 917 3998; x_wconf 88' lang='lat' dir='ltr'><strong>zeugma</strong></span> <span class='ocrx_word' id='word_1_404' title='bbox 928 3931 1135 3983; x_wconf 87' lang='lat' dir='ltr'><strong>from‘animus.&#39;</strong></span> <span class='ocrx_word' id='word_1_405' title='bbox 1159 3931 1230 3995; x_wconf 82' lang='lat' dir='ltr'><strong>Seyff.</strong></span> <span class='ocrx_word' id='word_1_406' title='bbox 1238 3937 1306 3986; x_wconf 86' lang='lat' dir='ltr'><strong>Lael.</strong></span> <span class='ocrx_word' id='word_1_407' title='bbox 1314 3953 1338 4000; x_wconf 91' lang='lat' dir='ltr'><strong>p.</strong></span> <span class='ocrx_word' id='word_1_408' title='bbox 1349 3937 1387 3998; x_wconf 88' lang='lat'><strong>76,</strong></span> 
     </span>
     <span class='ocr_line' id='line_1_39' title="bbox 189 3997 1388 4067; baseline -0.002 -15"><span class='ocrx_word' id='word_1_409' title='bbox 189 4005 293 4066; x_wconf 86' lang='lat' dir='ltr'><strong>Kayser,</strong></span> <span class='ocrx_word' id='word_1_410' title='bbox 306 4001 331 4049; x_wconf 93' lang='lat' dir='ltr'><strong>in</strong></span> <span class='ocrx_word' id='word_1_411' title='bbox 343 4001 474 4065; x_wconf 84' lang='lat' dir='ltr'><strong>regardiug</strong></span> <span class='ocrx_word' id='word_1_412' title='bbox 485 4000 535 4048; x_wconf 89' lang='lat' dir='ltr'><strong>this</strong></span> <span class='ocrx_word' id='word_1_413' title='bbox 547 4016 574 4048; x_wconf 88' lang='lat' dir='ltr'><strong>as</strong></span> <span class='ocrx_word' id='word_1_414' title='bbox 588 4016 619 4048; x_wconf 90' lang='lat' dir='ltr'><strong>an</strong></span> <span class='ocrx_word' id='word_1_415' title='bbox 632 3998 764 4062; x_wconf 88' lang='lat' dir='ltr'><strong>interpola·</strong></span> <span class='ocrx_word' id='word_1_416' title='bbox 813 3998 882 4062; x_wconf 88' lang='lat' dir='ltr'><strong>gives</strong></span> <span class='ocrx_word' id='word_1_417' title='bbox 894 3999 988 4048; x_wconf 88' lang='lat' dir='ltr'><strong>similar</strong></span> <span class='ocrx_word' id='word_1_418' title='bbox 998 4014 1052 4048; x_wconf 88' lang='lat' dir='ltr'><strong>exx.</strong></span> <span class='ocrx_word' id='word_1_419' title='bbox 1075 3999 1125 4048; x_wconf 88' lang='lat' dir='ltr'><strong>For</strong></span> <span class='ocrx_word' id='word_1_420' title='bbox 1135 3997 1177 4046; x_wconf 93' lang='lat' dir='ltr'><strong>the</strong></span> <span class='ocrx_word' id='word_1_421' title='bbox 1189 3998 1258 4050; x_wconf 88' lang='lat' dir='ltr'><strong>effect</strong></span> <span class='ocrx_word' id='word_1_422' title='bbox 1270 4003 1299 4050; x_wconf 92' lang='lat' dir='ltr'><strong>of</strong></span> <span class='ocrx_word' id='word_1_423' title='bbox 1306 4003 1388 4067; x_wconf 86' lang='lat' dir='ltr'><strong>palus-</strong></span> 
     </span>
     <span class='ocr_line' id='line_1_40' title="bbox 188 4063 1386 4132; baseline -0.001 -14"><span class='ocrx_word' id='word_1_424' title='bbox 188 4071 249 4118; x_wconf 92' lang='lat' dir='ltr'><strong>tion.</strong></span> <span class='ocrx_word' id='word_1_425' title='bbox 274 4068 329 4116; x_wconf 91' lang='lat' dir='ltr'><strong>Ido</strong></span> <span class='ocrx_word' id='word_1_426' title='bbox 337 4075 381 4116; x_wconf 92' lang='lat' dir='ltr'><strong>not</strong></span> <span class='ocrx_word' id='word_1_427' title='bbox 393 4066 444 4114; x_wconf 88' lang='lat' dir='ltr'><strong>find</strong></span> <span class='ocrx_word' id='word_1_428' title='bbox 456 4067 476 4114; x_wconf 95' lang='lat' dir='ltr'><strong>it</strong></span> <span class='ocrx_word' id='word_1_429' title='bbox 487 4081 514 4114; x_wconf 86' lang='lat' dir='ltr'><strong>as</strong></span> <span class='ocrx_word' id='word_1_430' title='bbox 524 4065 615 4113; x_wconf 88' lang='lat' dir='ltr'><strong>absnrd</strong></span> <span class='ocrx_word' id='word_1_431' title='bbox 626 4080 653 4112; x_wconf 88' lang='lat' dir='ltr'><strong>as</strong></span> <span class='ocrx_word' id='word_1_432' title='bbox 663 4063 763 4112; x_wconf 90' lang='lat' dir='ltr'><strong>Ellendt</strong></span> <span class='ocrx_word' id='word_1_433' title='bbox 814 4064 900 4128; x_wconf 88' lang='lat' dir='ltr'><strong>taking</strong></span> <span class='ocrx_word' id='word_1_434' title='bbox 919 4063 1029 4128; x_wconf 88' lang='lat' dir='ltr'><strong>practice</strong></span> <span class='ocrx_word' id='word_1_435' title='bbox 1050 4063 1075 4112; x_wconf 90' lang='lat' dir='ltr'><strong>in</strong></span> <span class='ocrx_word' id='word_1_436' title='bbox 1098 4063 1247 4129; x_wconf 88' lang='lat' dir='ltr'><strong>developing</strong></span> <span class='ocrx_word' id='word_1_437' title='bbox 1267 4083 1386 4132; x_wconf 87' lang='lat' dir='ltr'><strong>memory‚</strong></span> 
     </span>
     <span class='ocr_line' id='line_1_41' title="bbox 188 4128 1385 4197; baseline 0 -15"><span class='ocrx_word' id='word_1_438' title='bbox 188 4135 256 4192; x_wconf 91' lang='lat' dir='ltr'><strong>does,</strong></span> <span class='ocrx_word' id='word_1_439' title='bbox 269 4140 295 4183; x_wconf 93' lang='lat' dir='ltr'><strong>to</strong></span> <span class='ocrx_word' id='word_1_440' title='bbox 307 4133 370 4181; x_wconf 92' lang='lat' dir='ltr'><strong>have</strong></span> <span class='ocrx_word' id='word_1_441' title='bbox 386 4148 401 4180; x_wconf 83' lang='lat' dir='ltr'><strong>a</strong></span> <span class='ocrx_word' id='word_1_442' title='bbox 416 4131 516 4180; x_wconf 85' lang='lat' dir='ltr'><strong>cantion</strong></span> <span class='ocrx_word' id='word_1_443' title='bbox 532 4130 629 4179; x_wconf 90' lang='lat' dir='ltr'><strong>thrown</strong></span> <span class='ocrx_word' id='word_1_444' title='bbox 643 4131 676 4188; x_wconf 93' lang='lat' dir='ltr'><strong>in,</strong></span> <span class='ocrx_word' id='word_1_445' title='bbox 688 4128 763 4177; x_wconf 93' lang='lat' dir='ltr'><strong>while</strong></span> <span class='ocrx_word' id='word_1_446' title='bbox 812 4130 890 4187; x_wconf 88' lang='lat' dir='ltr'><strong>voice,</strong></span> <span class='ocrx_word' id='word_1_447' title='bbox 908 4131 957 4179; x_wconf 86' lang='lat' dir='ltr'><strong>and</strong></span> <span class='ocrx_word' id='word_1_448' title='bbox 978 4130 1090 4194; x_wconf 88' lang='lat' dir='ltr'><strong>physical</strong></span> <span class='ocrx_word' id='word_1_449' title='bbox 1113 4129 1224 4193; x_wconf 89' lang='lat' dir='ltr'><strong>strength</strong></span> <span class='ocrx_word' id='word_1_450' title='bbox 1247 4148 1286 4197; x_wconf 89' lang='lat' dir='ltr'><strong>cp.</strong></span> <span class='ocrx_word' id='word_1_451' title='bbox 1307 4133 1323 4182; x_wconf 93' lang='lat' dir='ltr'><strong>i.</strong></span> <span class='ocrx_word' id='word_1_452' title='bbox 1346 4146 1385 4195; x_wconf 80' lang='lat'><strong>34.</strong></span> 
     </span>
     <span class='ocr_line' id='line_1_42' title="bbox 188 4194 898 4263; baseline -0.008 -15"><span class='ocrx_word' id='word_1_453' title='bbox 188 4201 229 4250; x_wconf 90' lang='lat' dir='ltr'><strong>the</strong></span> <span class='ocrx_word' id='word_1_454' title='bbox 242 4197 344 4263; x_wconf 84' lang='lat' dir='ltr'><strong>speaker</strong></span> <span class='ocrx_word' id='word_1_455' title='bbox 354 4196 375 4246; x_wconf 92' lang='lat' dir='ltr'><strong>is</strong></span> <span class='ocrx_word' id='word_1_456' title='bbox 385 4197 494 4260; x_wconf 87' lang='lat' dir='ltr'><strong>praising</strong></span> <span class='ocrx_word' id='word_1_457' title='bbox 505 4196 635 4260; x_wconf 83' lang='lat' dir='ltr'><strong>diligentia.</strong></span> <span class='ocrx_word' id='word_1_458' title='bbox 815 4194 862 4257; x_wconf 90' lang='lat'><strong>156</strong></span> <span class='ocrx_word' id='word_1_459' title='bbox 874 4194 898 4245; x_wconf 91' lang='lat' dir='ltr'><strong>ff.</strong></span> 
     </span>
    </p>

    <p class='ocr_par' dir='ltr' id='par_1_9' title="bbox 184 4261 1385 4651">
     <span class='ocr_line' id='line_1_43' title="bbox 220 4261 1184 4329; baseline 0.002 -18"><span class='ocrx_word' id='word_1_460' title='bbox 220 4282 243 4329; x_wconf 81' lang='lat'><strong>9,</strong></span> <span class='ocrx_word' id='word_1_461' title='bbox 260 4267 394 4321; x_wconf 77' lang='lat' dir='ltr'><strong>proficere</strong></span> <span class='ocrx_word' id='word_1_462' title='bbox 412 4265 550 4316; x_wconf 79' lang='lat' dir='ltr'><strong>videntur,</strong></span> <span class='ocrx_word' id='word_1_463' title='bbox 562 4261 626 4309; x_wconf 88' lang='lat' dir='ltr'><strong>‘lest</strong></span> <span class='ocrx_word' id='word_1_464' title='bbox 637 4276 699 4323; x_wconf 88' lang='lat' dir='ltr'><strong>your</strong></span> <span class='ocrx_word' id='word_1_465' title='bbox 717 4276 761 4325; x_wconf 90' lang='lat' dir='ltr'><strong>op-</strong></span> <span class='ocrx_word' id='word_1_466' title='bbox 847 4273 884 4322; x_wconf 82' lang='lat'><strong>15.</strong></span> <span class='ocrx_word' id='word_1_467' title='bbox 901 4266 1019 4321; x_wconf 82' lang='lat' dir='ltr'><strong>tentum,</strong></span> <span class='ocrx_word' id='word_1_468' title='bbox 1034 4262 1108 4325; x_wconf 88' lang='lat' dir='ltr'><strong>‘only</strong></span> <span class='ocrx_word' id='word_1_469' title='bbox 1119 4261 1184 4314; x_wconf 66' lang='lat' dir='ltr'><strong>this?</strong></span> 
     </span>
     <span class='ocr_line' id='line_1_44' title="bbox 186 4324 1385 4394; baseline -0.001 -15"><span class='ocrx_word' id='word_1_470' title='bbox 186 4336 279 4394; x_wconf 91' lang='lat' dir='ltr'><strong>ponent</strong></span> <span class='ocrx_word' id='word_1_471' title='bbox 299 4327 389 4378; x_wconf 91' lang='lat' dir='ltr'><strong>should</strong></span> <span class='ocrx_word' id='word_1_472' title='bbox 408 4327 455 4376; x_wconf 88' lang='lat' dir='ltr'><strong>feel</strong></span> <span class='ocrx_word' id='word_1_473' title='bbox 471 4326 527 4375; x_wconf 88' lang='lat' dir='ltr'><strong>that</strong></span> <span class='ocrx_word' id='word_1_474' title='bbox 544 4325 575 4374; x_wconf 90' lang='lat' dir='ltr'><strong>he</strong></span> <span class='ocrx_word' id='word_1_475' title='bbox 591 4325 636 4374; x_wconf 85' lang='lat' dir='ltr'><strong>has</strong></span> <span class='ocrx_word' id='word_1_476' title='bbox 653 4325 725 4376; x_wconf 91' lang='lat' dir='ltr'><strong>made</strong></span> <span class='ocrx_word' id='word_1_477' title='bbox 744 4341 760 4374; x_wconf 87' lang='lat' dir='ltr'><strong>a</strong></span> <span class='ocrx_word' id='word_1_478' title='bbox 846 4324 883 4373; x_wconf 88' lang='lat'><strong>16.</strong></span> <span class='ocrx_word' id='word_1_479' title='bbox 901 4330 1057 4376; x_wconf 75' lang='lat' dir='ltr'><strong>attentione</strong></span> <span class='ocrx_word' id='word_1_480' title='bbox 1075 4332 1176 4377; x_wconf 82' lang='lat' dir='ltr'><strong>enimi:</strong></span> <span class='ocrx_word' id='word_1_481' title='bbox 1193 4337 1237 4378; x_wconf 90' lang='lat' dir='ltr'><strong>not</strong></span> <span class='ocrx_word' id='word_1_482' title='bbox 1253 4328 1385 4378; x_wconf 88' lang='lat' dir='ltr'><strong>elsewhere</strong></span> 
     </span>
     <span class='ocr_line' id='line_1_45' title="bbox 186 4390 1201 4455; baseline -0.002 -11"><span class='ocrx_word' id='word_1_483' title='bbox 186 4395 240 4451; x_wconf 88' lang='lat' dir='ltr'><strong>hit,&#39;</strong></span> <span class='ocrx_word' id='word_1_484' title='bbox 253 4392 334 4442; x_wconf 90' lang='lat' dir='ltr'><strong>which</strong></span> <span class='ocrx_word' id='word_1_485' title='bbox 342 4392 393 4442; x_wconf 94' lang='lat' dir='ltr'><strong>will</strong></span> <span class='ocrx_word' id='word_1_486' title='bbox 400 4407 538 4455; x_wconf 88' lang='lat' dir='ltr'><strong>encourage</strong></span> <span class='ocrx_word' id='word_1_487' title='bbox 544 4391 596 4438; x_wconf 89' lang='lat' dir='ltr'><strong>him</strong></span> <span class='ocrx_word' id='word_1_488' title='bbox 604 4398 630 4439; x_wconf 95' lang='lat' dir='ltr'><strong>to</strong></span> <span class='ocrx_word' id='word_1_489' title='bbox 638 4391 758 4454; x_wconf 89' lang='lat' dir='ltr'><strong>develope</strong></span> <span class='ocrx_word' id='word_1_490' title='bbox 809 4390 871 4440; x_wconf 87' lang='lat' dir='ltr'><strong>used</strong></span> <span class='ocrx_word' id='word_1_491' title='bbox 882 4391 916 4453; x_wconf 94' lang='lat' dir='ltr'><strong>by</strong></span> <span class='ocrx_word' id='word_1_492' title='bbox 927 4391 1015 4440; x_wconf 89' lang='lat' dir='ltr'><strong>Cicero</strong></span> <span class='ocrx_word' id='word_1_493' title='bbox 1026 4391 1051 4439; x_wconf 89' lang='lat' dir='ltr'><strong>in</strong></span> <span class='ocrx_word' id='word_1_494' title='bbox 1063 4393 1112 4442; x_wconf 92' lang='lat' dir='ltr'><strong>this</strong></span> <span class='ocrx_word' id='word_1_495' title='bbox 1124 4409 1201 4443; x_wconf 90' lang='lat' dir='ltr'><strong>sense.</strong></span> 
     </span>
     <span class='ocr_line' id='line_1_46' title="bbox 185 4455 1384 4520; baseline 0 -12"><span class='ocrx_word' id='word_1_496' title='bbox 185 4461 228 4509; x_wconf 92' lang='lat' dir='ltr'><strong>the</strong></span> <span class='ocrx_word' id='word_1_497' title='bbox 240 4473 307 4507; x_wconf 86' lang='lat' dir='ltr'><strong>same</strong></span> <span class='ocrx_word' id='word_1_498' title='bbox 316 4458 366 4506; x_wconf 90' lang='lat' dir='ltr'><strong>line</strong></span> <span class='ocrx_word' id='word_1_499' title='bbox 376 4458 407 4506; x_wconf 88' lang='lat' dir='ltr'><strong>of</strong></span> <span class='ocrx_word' id='word_1_500' title='bbox 412 4463 546 4520; x_wconf 85' lang='lat' dir='ltr'><strong>argument.</strong></span> <span class='ocrx_word' id='word_1_501' title='bbox 571 4456 656 4505; x_wconf 91' lang='lat' dir='ltr'><strong>Hence</strong></span> <span class='ocrx_word' id='word_1_502' title='bbox 667 4457 687 4504; x_wconf 90' lang='lat' dir='ltr'><strong>it</strong></span> <span class='ocrx_word' id='word_1_503' title='bbox 698 4455 758 4504; x_wconf 88' lang='lat' dir='ltr'><strong>does</strong></span> <span class='ocrx_word' id='word_1_504' title='bbox 844 4457 882 4504; x_wconf 88' lang='lat'><strong>18.</strong></span> <span class='ocrx_word' id='word_1_505' title='bbox 893 4459 1081 4513; x_wconf 81' lang='lat' dir='ltr'><strong>eontinentur,</strong></span> <span class='ocrx_word' id='word_1_506' title='bbox 1094 4465 1148 4507; x_wconf 86' lang='lat' dir='ltr'><strong>‘are</strong></span> <span class='ocrx_word' id='word_1_507' title='bbox 1155 4458 1248 4516; x_wconf 64' lang='lat' dir='ltr'><strong>based:</strong></span> <span class='ocrx_word' id='word_1_508' title='bbox 1259 4465 1303 4508; x_wconf 91' lang='lat' dir='ltr'><strong>not</strong></span> <span class='ocrx_word' id='word_1_509' title='bbox 1312 4466 1318 4486; x_wconf 88' lang='lat'>‘</span> <span class='ocrx_word' id='word_1_510' title='bbox 1326 4473 1384 4508; x_wconf 89' lang='lat' dir='ltr'><strong>con-</strong></span> 
     </span>
     <span class='ocr_line' id='line_1_47' title="bbox 187 4518 1203 4586; baseline -0.001 -14"><span class='ocrx_word' id='word_1_511' title='bbox 187 4531 277 4573; x_wconf 83' lang='lat' dir='ltr'><strong>matter</strong></span> <span class='ocrx_word' id='word_1_512' title='bbox 289 4523 396 4586; x_wconf 85' lang='lat' dir='ltr'><strong>(against</strong></span> <span class='ocrx_word' id='word_1_513' title='bbox 408 4522 468 4584; x_wconf 83' lang='grc' dir='ltr'>ΕΠ.)</span> <span class='ocrx_word' id='word_1_514' title='bbox 480 4521 551 4586; x_wconf 79' lang='lat' dir='ltr'><strong>‘quid</strong></span> <span class='ocrx_word' id='word_1_515' title='bbox 562 4520 680 4584; x_wconf 84' lang='lat' dir='ltr'><strong>proficere</strong></span> <span class='ocrx_word' id='word_1_516' title='bbox 692 4521 758 4570; x_wconf 88' lang='lat' dir='ltr'><strong>vide·</strong></span> <span class='ocrx_word' id='word_1_517' title='bbox 809 4518 910 4570; x_wconf 73' lang='lat' dir='ltr'><strong>rained:</strong></span> <span class='ocrx_word' id='word_1_518' title='bbox 944 4520 991 4585; x_wconf 91' lang='lat' dir='ltr'><strong>Cp.</strong></span> <span class='ocrx_word' id='word_1_519' title='bbox 1003 4528 1062 4570; x_wconf 88' lang='lat' dir='ltr'><strong>note</strong></span> <span class='ocrx_word' id='word_1_520' title='bbox 1073 4538 1105 4570; x_wconf 93' lang='lat' dir='ltr'><strong>ou</strong></span> <span class='ocrx_word' id='word_1_521' title='bbox 1117 4521 1133 4571; x_wconf 86' lang='lat' dir='ltr'><strong>i.</strong></span> <span class='ocrx_word' id='word_1_522' title='bbox 1149 4537 1170 4572; x_wconf 79' lang='lat' dir='ltr'><strong>a.</strong></span> <span class='ocrx_word' id='word_1_523' title='bbox 1180 4536 1203 4585; x_wconf 86' lang='lat'><strong>5.</strong></span> 
     </span>
     <span class='ocr_line' id='line_1_48' title="bbox 184 4585 1133 4651; baseline -0.004 -11"><span class='ocrx_word' id='word_1_524' title='bbox 184 4589 255 4640; x_wconf 79' lang='lat' dir='ltr'><strong>etur&#39;</strong></span> <span class='ocrx_word' id='word_1_525' title='bbox 267 4588 316 4638; x_wconf 84' lang='lat' dir='ltr'><strong>and</strong></span> <span class='ocrx_word' id='word_1_526' title='bbox 326 4595 370 4637; x_wconf 89' lang='lat' dir='ltr'><strong>not</strong></span> <span class='ocrx_word' id='word_1_527' title='bbox 379 4587 437 4650; x_wconf 90' lang='lat' dir='ltr'><strong>only</strong></span> <span class='ocrx_word' id='word_1_528' title='bbox 449 4586 523 4651; x_wconf 88' lang='lat' dir='ltr'><strong>‘quid</strong></span> <span class='ocrx_word' id='word_1_529' title='bbox 535 4585 664 4650; x_wconf 67' lang='lat' dir='ltr'><strong>proficiat!</strong></span> <span class='ocrx_word' id='word_1_530' title='bbox 844 4599 881 4634; x_wconf 81' lang='lat'><strong>20.</strong></span> <span class='ocrx_word' id='word_1_531' title='bbox 898 4589 1014 4636; x_wconf 82' lang='lat' dir='ltr'><strong>melius:</strong></span> <span class='ocrx_word' id='word_1_532' title='bbox 1031 4601 1066 4636; x_wconf 91' lang='lat' dir='ltr'><strong>sc.</strong></span> <span class='ocrx_word' id='word_1_533' title='bbox 1078 4587 1133 4636; x_wconf 88' lang='lat' dir='ltr'><strong>scis.</strong></span> 
     </span>
    </p>
   </div>
   <div class='ocr_carea' id='block_1_8' title="bbox 0 0 1660 5040">
    <p class='ocr_par' dir='ltr' id='par_1_10' title="bbox 0 0 1660 5040">
     <span class='ocr_line' id='line_1_49' title="bbox 0 0 1660 5040; baseline 0 8"><span class='ocrx_word' id='word_1_534' title='bbox 0 0 1660 5040; x_wconf 95' lang='lat' dir='ltr'><strong> </strong></span> 
     </span>
    </p>
   </div>
  </div>
 </body>
</html>
