3286 5036
576 429 648 494 DE
673 430 807 496 ORAT
807 432 905 498 ORE
927 435 978 497 II.
1315 458 1379 523 309

178 616 223 680 rei
252 617 409 682 militari?
446 619 502 702 qui
532 640 713 702 numquam
744 632 851 688 castra
880 625 1017 691 videris!
1059 625 1117 690 An
1144 627 1377 712 eloquentiae?

177 741 263 802 quae
286 742 394 804 neque
414 732 464 786 est
482 723 515 786 in
537 731 579 803 te,
596 735 637 804 et,
656 727 812 808 quicquid
832 737 881 793 est
898 730 988 794 vocis
1012 750 1051 794 ac
1073 729 1213 814 linguae,
1229 741 1328 797 omne
1343 735 1376 798 in

177 823 276 887 istum
303 827 529 910 turpissimum
556 829 739 894 calumniae
763 842 939 913 quaestum
962 834 1149 899 contulistil
1192 835 1245 900 Tu
1268 838 1376 902 lucem

176 930 322 1010 aspicere
347 930 475 995 audes?
512 942 549 996 tu
572 931 633 996 hos
656 934 800 999 intueri?
836 947 873 1002 tu
899 938 932 1000 in
954 936 1035 1014 foro,
1056 948 1093 1003 tu
1117 940 1150 1002 in
1171 942 1260 1020 urbe,
1282 951 1319 1006 tu
1342 943 1375 1006 in

177 1033 297 1097 civium
321 1055 393 1099 esse
418 1036 621 1118 conspectu?
655 1047 691 1101 tu
715 1038 806 1104 illam
837 1053 1011 1117 mortuam,
1036 1051 1073 1106 tu
1098 1044 1259 1126 imagines
1286 1047 1404 1128 ipsass

178 1158 244 1201 non
271 1138 512 1220 perhorrescis?
553 1141 673 1222 quibus
702 1164 769 1207 non
802 1145 903 1208 modo
933 1146 1111 1226 imitandis
1135 1149 1194 1211 sed
1225 1170 1268 1213 ne
1298 1170 1376 1213 con·

112 1250 164 1315 56
176 1241 324 1306 locandis
345 1244 480 1325 quidem
498 1243 559 1310 tibi
581 1244 689 1309 locum
712 1246 816 1310 ullum
836 1248 1015 1331 reliquisti.'
1061 1248 1129 1315 Sed
1146 1251 1232 1316 -haec
1251 1254 1376 1336 tragica

110 1335 162 1384 ²²⁷
176 1354 278 1427 atque
296 1347 426 1424 divina3
448 1346 557 1412 faceta
575 1359 688 1413 autem
712 1360 746 1414 et
764 1353 890 1416 urbana
911 1355 1162 1419 innumerabilia
1176 1357 1229 1420 vel
1250 1377 1294 1420 ex
1310 1378 1376 1420 una

176 1450 331 1514 contione
356 1453 572 1531 meministis;
603 1475 664 1518 nec
691 1456 778 1518 enim
806 1457 911 1521 maior
933 1460 1102 1522 contentio
1129 1480 1287 1542 umquam
1314 1459 1376 1524 fuit

176 1573 236 1618 nec
259 1556 348 1637 apud
371 1555 532 1639 populum
554 1559 684 1638 gravior
703 1560 809 1624 oratio
829 1582 930 1643 quam
951 1561 1048 1626 huius
1069 1574 1184 1628 contra
1202 1564 1374 1647 conlegam
1392 1591 1421 1629 ιο

130 1715 133 1720 .
176 1661 210 1722 in
226 1680 363 1724 censura
386 1681 491 1743 nuper
509 1681 615 1744 neque
637 1662 750 1744 lepore
772 1673 806 1728 et
829 1665 1008 1730 festivitate
1031 1668 1203 1732 conditior.
1249 1668 1325 1751 Qua
1340 1690 1376 1732 re

175 1762 245 1841 tibi,
260 1762 398 1842 Antoni,
413 1775 590 1846 utrumque
612 1766 780 1831 adsentior
802 1778 836 1832 et
859 1771 1000 1834 multum
1022 1770 1157 1835 facetias
1178 1773 1211 1834 in
1232 1774 1375 1837 dicendo

175 1869 332 1948 prodesse
361 1888 461 1950 saepe
490 1880 524 1932 et
554 1890 611 1933 eas
647 1880 719 1935 arte
755 1872 846 1936 nullo
884 1867 984 1938 modo
1016 1895 1116 1956 posse
1147 1877 1254 1942 tradi:
1293 1876 1374 1942 illud

174 1973 309 2054 quidem
328 1973 480 2047 admiror,
496 1982 531 2036 te
553 1973 649 2036 nobis
671 1975 705 2036 in
725 1996 766 2038 eo
785 1995 907 2057 genere
927 1978 1081 2043 tribuisse
1100 1988 1231 2043 tantum
1252 1989 1286 2044 et
1308 2001 1373 2044 non

106 2106 161 2152 22⁸
174 2078 271 2140 huius
286 2079 332 2139 rei
347 2097 480 2158 quoque
494 2078 641 2159 palmam
661 2073 714 2165 [ut
729 2077 926 2167 ceterarum]
945 2079 1065 2146 Crasso
1080 2080 1256 2149 detulisse.'
1286 2084 1374 2148 Tum
1390 2117 1419 2167 15

174 2181 342 2247 Antonius
366 2189 453 2264 ‘ego
475 2202 553 2245 vero
575 2183 621 2246 ita
644 2180 813 2262 fecissem:
831 2185 938 2267 inquit
961 2188 1045 2250 ‘nisi
1068 2187 1233 2252 interdum
1256 2189 1289 2253 in
1311 2187 1374 2255 hoc

208 2369 231 2404 a.
248 2370 318 2418 nepae
328 2363 360 2401 ast
371 2351 414 2402 KS
428 2367 484 2402 cnm
496 2352 570 2416 Aby:
586 2353 653 2401 nulla
663 2363 697 2401 est
707 2353 735 2402 P.
852 2355 874 2404 8.
891 2357 928 2404 vel
938 2373 966 2406 ex
977 2373 1025 2404 aaa
1038 2357 1082 2406 KS
1094 2373 1151 2408 cum
1163 2358 1235 2409 codd.
1249 2366 1311 2410 mut.
1322 2377 1327 2409 ι
1345 2379 1374 2412 ex
1390 2379 1392 2382 ’

730 2436 778 2468 una
789 2418 817 2468 P.
827 2423 832 2432 '

172 2589 213 2648 (L.
225 2588 254 2637 L.
267 2587 299 2638 ix.
314 2587 371 2650 104)
383 2587 479 2636 notices
491 2587 546 2636 that
561 2587 604 2636 the
620 2605 635 2634 u
650 2587 672 2636 is
685 2587 746 2651 long
796 2603 828 2636 on
841 2587 949 2648 Laelius,
961 2606 986 2654 p.
999 2589 1044 2650 843
1063 2589 1185 2654 Niigelsb.
1196 2607 1221 2655 p.
1235 2603 1290 2652 510.
1324 2594 1372 2659 Cp.

172 2654 197 2702 in
209 2664 262 2701 ruta
272 2653 370 2718 though
381 2654 451 2702 short
459 2653 485 2701 in
494 2663 580 2710 eruas,
587 2655 690 2710 obrutus,
700 2661 746 2702 etc.
796 2652 878 2716 Roby,
891 2659 902 2712 ξ
918 2665 988 2718 1017.

172 2723 210 2767 Et
226 2719 247 2768 is
265 2720 332 2768 osten
350 2719 463 2775 omitted,
475 2735 503 2768 as
519 2719 545 2768 in
563 2725 645 2768 ‘sarta
662 2717 745 2780 tecta,’
829 2734 853 2783 9.
869 2724 1014 2770 contentio
1030 2724 1127 2780 maior,
1141 2723 1171 2770 ‘a
1187 2728 1285 2786 greater
1301 2723 1373 2774 effert

173 2791 296 2848 ‘aequum
307 2783 416 2843 bonum‚'
429 2792 475 2835 etc.

205 2854 317 2909 solium,
331 2857 343 2911 ς
358 2865 419 2913 143;
442 2851 478 2900 iii.
492 2865 598 2913 33.133:
621 2849 747 2907 ‘Primerss

192 2929 250 2978 .31.

172 2932 355 3039 precepisse,
380 2979 534 3032 ‘reserved:’
568 2997 609 3030 see
633 2988 692 3031 note
714 2997 747 3030 on

173 3048 189 3095 i.
210 3061 248 3110 39.
269 3057 324 3110 179.
358 3047 400 3096 Ab
422 3047 472 3096 and
494 3061 562 3095 some
581 3048 653 3096 other
675 3047 748 3096 MSS.

172 3112 236 3160 have
254 3111 411 3176 ‘reliquisse’
430 3113 512 3161 which
529 3113 562 3162 K.
580 3114 684 3161 retains:
702 3113 747 3161 but

172 3177 192 3224 it
215 3183 307 3226 cannot
328 3179 360 3226 be
381 3178 456 3242 right,
479 3177 530 3228 and
547 3178 619 3227 looks
641 3177 692 3226 like
715 3193 745 3227 an

172 3243 304 3292 alteration
330 3243 364 3307 by
385 3260 401 3292 a
423 3244 528 3308 copyist,
550 3243 607 3292 who
633 3243 676 3291 did
702 3251 747 3292 not

172 3309 320 3357 understand
338 3309 385 3358 'the
403 3309 526 3359 technical
549 3316 619 3368 term,
640 3309 747 3373 perhaps

172 3375 265 3438 arising
277 3374 339 3424 from
351 3377 460 3440 reliquisti
470 3374 559 3424 below.

206 3455 228 3502 3.
244 3439 601 3503 onumniaewvmpmtas,
619 3439 660 3489 i.e.
676 3439 747 3489 mak-

171 3505 214 3569 ing
234 3522 249 3555 a
266 3507 335 3556 trade
353 3507 382 3556 oi
395 3507 568 3571 prosecution:
591 3521 631 3570 cp.
646 3522 670 3570 p.
690 3506 746 3554 Mil.

174 3580 212 3632 η.
223 3582 254 3634 74
262 3579 323 3621 ‘non
332 3572 456 3621 calumnia
464 3573 547 3621 litium
555 3572 649 3622 alienos
657 3572 747 3622 fundos

170 3636 287 3700 petebat?
320 3639 435 3702 Merguet
451 3645 540 3703 quotes
557 3653 632 3701 many
651 3638 748 3686 similar

172 3704 293 3752 instances
316 3704 380 3751 from
398 3705 441 3754 the
460 3704 576 3769 speeches
596 3704 626 3752 of
640 3704 745 3753 Cicero:

172 3782 211 3830 cp.
235 3767 304 3817 Verr.
327 3769 362 3816 iii.
388 3782 426 3832 15.
450 3771 480 3831 38
504 3774 551 3819 ‘ut
578 3768 620 3818 hic
647 3784 746 3881 ‹puoque

172 3834 286 3897 Apronio
302 3849 333 3882 ex
351 3834 446 3883 miseris
465 3835 605 3884 aratoribus
625 3850 655 3883 ca
667 3835 745 3884 umni-

171 3899 229 3947 andi
241 3906 356 3962 quaestus
371 3899 512 3950 accederet.¹
524 3900 571 3964 Cp.
586 3916 610 3964 p.
622 3900 709 3962 Quint.
722 3914 745 3962 3.

173 3977 200 4013 11
216 3969 317 4014 ‘vocem
328 3966 354 4013 in
365 3973 495 4030 quaestum
506 3963 628 4014 contulit.⁸

204 4028 227 4080 6.
244 4033 423 4080 collocandis.
457 4032 525 4080 Here
535 4032 609 4094 again
621 4031 663 4080 the
671 4031 745 4083 codd.

171 4101 232 4142 mut.
252 4096 316 4144 have
332 4097 374 4145 the
391 4105 491 4160 corrupt
509 4096 610 4159 reading
629 4098 744 4145 ‘coniun-

170 4161 274 4224 gendis'
314 4162 386 4211 ‘You
413 4161 477 4212 have
503 4162 549 4211 len
576 4162 687 4226 yourseli
711 4179 745 4211 no

170 4241 257 4276 room.
270 4265 277 4278 .
291 4265 296 4276 .
308 4228 405 4277 Iwon't
412 4245 456 4292 say
463 4228 502 4276 for
510 4227 643 4291 imitating,
652 4228 697 4276 but
706 4228 745 4278 ior

170 4307 231 4341 even
242 4293 334 4357 setting
348 4309 383 4358 up
394 4293 465 4344 those
473 4293 557 4343 hosts!
580 4294 634 4342 The
641 4307 744 4357 zeugma
755 4344 757 4349 ,

169 4358 195 4408 in
208 4358 367 4408 ‘imitandis'
381 4365 426 4423 (sc.
442 4359 604 4424 imaginibus)
620 4359 641 4408 is
654 4359 745 4409 doubt-

170 4423 219 4471 less
236 4425 283 4474 due
299 4432 327 4474 to
344 4425 386 4474 the
402 4425 480 4475 desire
496 4425 536 4476 ior
551 4442 567 4475 a
583 4424 641 4490 play
652 4441 684 4474 on
702 4426 745 4476 the

169 4489 267 4539 words:
284 4506 324 4554 cp.
337 4496 349 4548 5
362 4489 416 4551 256.

204 4557 227 4604 8.
245 4559 349 4616 divina,
361 4572 395 4606 sc.
408 4556 495 4605 ‘sunt’
527 4556 579 4604 For
589 4572 604 4605 a
615 4555 683 4619 large
695 4554 745 4604 col·

171 4621 263 4671 lection
282 4621 312 4674 ci
328 4621 423 4671 similar
441 4623 565 4672 instances
583 4636 621 4686 cp.
642 4620 745 4686 Seyffert

797 2783 954 2848 oforatoryz’
966 2803 1005 2851 cp.
1013 2787 1044 2835 de
1053 2787 1101 2837 Off.
1111 2787 1127 2838 i.
1139 2798 1177 2850 37.
1189 2803 1233 2849 13²
1243 2790 1372 2853 ‘quoniam

797 2865 889 2914 magna
908 2852 945 2901 vis
967 2853 1086 2901 orationis
1107 2860 1252 2918 est‚.eaque
1273 2856 1373 2919 duplex,

797 2916 876 2964 altera
892 2918 1064 2977 contentionis,
1076 2918 1153 2968 altera
1170 2921 1297 2978 sermonis,
1315 2937 1372 2969 con·

797 2982 876 3030 tentio
898 2981 1119 3046 disceptationibus
1142 2985 1265 3033 tribuatur
1286 2986 1372 3035 iudici·

797 3061 876 3101 orum,
894 3049 1046 3108 contionum,
1067 3057 1175 3105 senatus,
1198 3057 1254 3110 etc,
1273 3058 1372 3101 conteu-

797 3112 873 3160 tionis
886 3121 1018 3200 praecepta
1030 3113 1156 3163 rhetorum
1167 3122 1231 3175 sunt,
1243 3116 1313 3165 nulla
1324 3132 1372 3166 ser-

796 3177 885 3226 monis.
927 3178 965 3226 Ib.
984 3178 1009 3226 ii.
1030 3191 1067 3241 14.
1086 3180 1132 3240 48;
1151 3179 1183 3228 ad
1201 3181 1263 3230 Her.
1279 3181 1314 3232 iii.
1334 3197 1371 3244 13.

799 3256 828 3304 23
842 3245 981 3292 ‘contentio
992 3251 1028 3293 est
1040 3245 1122 3294 oratio
1132 3243 1212 3294 acris?

832 3322 870 3356 10.
888 3313 964 3365 apud
974 3313 1125 3367 populum:
1137 3327 1175 3376 cp.
1184 3311 1254 3361 Brut.
1268 3327 1309 3375 44.
1324 3313 1371 3376 164

796 3373 867 3437 ‘ipsa
878 3373 923 3423 iila
940 3375 1051 3424 censoria
1067 3383 1153 3425 contra
1171 3376 1215 3425 Cn.
1230 3377 1372 3427 Domitium

797 3438 920 3504 collegam
930 3456 980 3489 non
998 3447 1035 3490 est
1050 3442 1138 3501 oratio,
1151 3442 1193 3490 sed
1207 3444 1276 3506 quasi
1287 3445 1372 3508 capita

796 3520 876 3553 rerum
894 3514 918 3555 et
936 3506 1055 3555 orationis
1073 3508 1276 3556 commentarium
1294 3511 1371 3573 paulo

796 3570 899 3633 plenius.
916 3572 994 3620 Nulla
1001 3579 1037 3621 est
1045 3573 1110 3620 enim
1119 3573 1249 3622 altercatio
1256 3575 1372 3624 clamori·

794 3637 842 3684 bus
853 3653 962 3700 unquam
973 3637 1061 3686 habita
1071 3637 1223 3688 maioribus.'

831 3715 869 3750 11.
880 3705 1034 3751 conditior:
1047 3703 1113 3750 Brut.
1123 3703 1210 3766 48.177
1220 3703 1261 3762 (ol
1266 3705 1370 3768 Caesar)

795 3773 883 3816 ‘nemo
902 3782 1011 3830 unquam
1027 3767 1175 3825 urbanitate,
1190 3783 1263 3819 nemo
1279 3770 1371 3836 lepore,

795 3847 869 3882 nemo
880 3834 1003 3882 suavitate
1013 3833 1151 3883 conditior!

831 3904 1051 3956 taetrumque:
1075 3915 1113 3962 cp.
1132 3900 1148 3949 i.
1168 3915 1193 3964 9.
1213 3913 1243 3964 35
1268 3903 1370 3964 ‘cetera

794 3963 882 4028 inquit,
894 3965 1019 4014 adsentior
1030 3965 1137 4015 Crasso!

830 4043 868 4091 13.
879 4036 976 4079 eteas:
989 4038 1033 4079 not
1041 4031 1101 4080 used
1109 4030 1167 4081 here
1173 4031 1235 4080 with
1248 4031 1291 4081 the
1303 4032 1370 4083 force

794 4095 897 4159 pointed
909 4102 953 4144 out
965 4096 997 4159 by
1008 4097 1089 4160 Roby,
1105 4101 1117 4154 ξ
1133 4111 1203 4160 2²59·
1218 4099 1263 4147 but
1278 4098 1371 4163 simply

794 4162 855 4210 with
866 4163 909 4211 the
920 4162 998 4225 laxity
1005 4163 1103 4210 natural
1114 4162 1138 4210 in
1148 4178 1164 4211 a
1172 4165 1371 4214 conversational

793 4227 864 4291 style,
877 4226 1107 4290 recallingfacerim.

830 4306 867 4355 15.
883 4299 917 4341 ut
947 4300 1115 4341 ceterarum:
1139 4293 1245 4341 omitted
1270 4294 1304 4356 by
1326 4295 1369 4343 the

794 4359 875 4407 better
886 4357 967 4414 MSS..
979 4358 1029 4406 and
1039 4357 1164 4421 evidently
1175 4358 1234 4420 only
1245 4375 1276 4406 an
1285 4360 1369 4424 expla-

794 4424 879 4474 nation
892 4423 921 4473 of
930 4430 936 4449 ‘
944 4421 1057 4488 quoque.’

831 4489 867 4538 16.
880 4492 911 4536 in
919 4492 982 4546 hoc,
991 4491 1030 4538 ‘in
1042 4495 1137 4552 respect
1147 4486 1176 4536 oi
1181 4487 1231 4535 this
1239 4488 1259 4536 :’
1272 4503 1311 4552 cp.
1322 4504 1368 4553 pro

795 4554 878 4604 Flacc.
905 4567 944 4618 ²9·
971 4565 1003 4616 70
1024 4555 1064 4603 ‘in
1092 4569 1141 4618 qua
1167 4557 1298 4620 (purpura)
1323 4555 1370 4604 tibi

793 4620 909 4670 invideo!
942 4620 1050 4684 Rohy‚§
1068 4635 1073 4666 t
1080 4632 1136 4681 331.
