3286 5036
279 397 344 466 314
599 375 653 440 M.
680 374 852 442 TULLII
881 371 1146 442 CICERONIS

280 587 387 650 neque
410 587 532 644 eomm,
554 566 610 647 qui
633 565 677 629 ob
701 563 826 628 facinus
848 563 891 627 ad
916 563 1114 646 supplicium
1137 564 1285 647 rapiendi
1307 563 1487 638 videntur;

280 691 386 751 eaque
401 670 487 734 belle
501 669 628 751 agitata
643 669 798 733 ridentur.
843 667 905 730 Est
926 667 1026 731 etiam
1048 666 1267 730 deformitatis
1282 677 1315 731 et
1336 668 1485 748 corporis
1499 679 1551 724 aaa

278 775 433 837 vitiorum
448 773 528 837 satis
543 773 630 836 bella
651 771 804 835 materies
818 772 861 834 ad
883 770 1079 848 iocandum;
1102 771 1161 835 sed
1177 773 1365 852 quaerimus
1381 771 1485 846 idem,

279 879 369 960 quod
384 879 418 941 in
433 877 550 942 ceteris
566 877 663 940 rebus
678 877 826 939 maxime
841 875 1067 957 quaerendum
1083 884 1141 952 est,
1157 884 1339 956 quatenus;
1363 875 1397 936 in
1413 895 1484 956 quo

252 995 345 1046 tnon
366 983 466 1046 modo
489 980 569 1044 illud
593 980 798 1063 praecipitur,
817 999 858 1042 ne
880 979 960 1060 quid
984 978 1114 1052 insulse,
1136 980 1193 1042 sed
1217 979 1327 1055 etiam,
1349 979 1376 1040 si
1399 977 1483 1059 quid

279 1083 472 1170 perridicule
487 1086 602 1168 possis
616 1084 789 1148 vitandum
805 1093 856 1147 est
871 1083 991 1146 oratori
1007 1092 1193 1165 utrumque,
1210 1103 1252 1146 ne
1267 1092 1324 1146 aut
1339 1083 1484 1146 scurrilis

279 1192 369 1254 iocus
384 1191 427 1253 sit
443 1200 502 1253 aut
517 1190 677 1252 mimicus.
722 1185 817 1269 Quae
832 1186 924 1250 cuius
940 1188 1030 1250 modi
1046 1188 1112 1250 sint
1127 1187 1253 1250 facilius
1268 1189 1334 1250 iam
1352 1186 1485 1251 intelle·

279 1313 404 1376 gemus,
422 1293 555 1357 eumad
572 1293 643 1373 ipsa
659 1291 869 1354 ridiculorum
887 1310 1008 1372 genera
1022 1291 1215 1356 venerimus,

324 1398 401 1460 Duo
416 1405 494 1459 sunt
509 1397 596 1458 enim
608 1414 729 1476 genera
743 1395 945 1472 facetiarum,
957 1414 1097 1476 quorum
1112 1395 1253 1458 alterum
1265 1414 1299 1456 re
1310 1402 1482 1470 tractatur,

239 1500 418 1564 walterum
429 1500 535 1564 dicto:
559 1520 600 1574 re,
614 1500 640 1562 si
654 1499 786 1581 quando
796 1498 874 1581 quid
884 1508 1057 1581 tamquam
1068 1499 1179 1582 aliqua
1190 1498 1310 1562 fabella
1321 1509 1481 1579 narratur,
1494 1513 1551 1558 240
1632 1565 1633 1568 Ἴ

278 1615 315 1669 ut
331 1605 410 1668 olim
426 1614 471 1683 tu,
489 1603 615 1682 Crasse,
631 1604 664 1666 in
682 1602 888 1681 Memmium,
904 1604 1086 1668 comedisse
1101 1624 1177 1667 eum
1193 1605 1351 1670 lacertum
1367 1605 1481 1687 Largi,

276 1729 353 1774 cum
368 1720 456 1774 esset
471 1729 545 1773 cum
561 1730 601 1772 eo
612 1707 812 1772 Tarracinae
824 1707 866 1769 de
877 1706 1019 1771 amicula
1034 1708 1180 1772 rixatus:
1203 1708 1298 1784 salsa,
1312 1729 1350 1773 ac
1366 1720 1482 1774 tamen

278 1834 299 1877 a
314 1823 347 1876 te
362 1815 434 1896 ipso
449 1813 527 1878 ficta
542 1814 703 1890 narrati03
727 1811 883 1874 addidisti
899 1810 1101 1876 clausulam:
1125 1822 1198 1876 tota
1214 1813 1391 1878 Tarracina
1407 1824 1481 1877 tum

277 1918 431 1981 omnibus
447 1918 480 1980 in
496 1919 675 2000 parietibus
691 1915 864 1996 inscriptas
879 1914 978 1978 fuisse
994 1915 1119 1979 litteras
1138 1917 1379 1996 L.L.L.M.M.;
1402 1939 1481 1982 cum

235 2040 264 2092 15
277 2042 450 2104 quaereres
465 2025 498 2087 id
516 2024 596 2105 quid
612 2030 708 2098 esset,
723 2039 837 2083 senem
852 2019 912 2082 tibi
928 2021 1095 2100 quendam
1116 2022 1318 2102 oppidanum
1335 2023 1479 2087 dixisse:

279 2128 419 2193 ‘lacerat
441 2127 600 2193 lacertum
623 2126 725 2208 Largi
753 2124 895 2187 mordax
921 2122 1117 2187 Memmius!
1164 2126 1349 2210 Perspicitis
1374 2147 1481 2208 genus
1493 2139 1567 2212 2³41,¹
1632 2153 1633 2174 2

276 2232 339 2296 hoc
355 2253 454 2315 quam
467 2235 510 2295 sit
525 2231 678 2309 facetum,
691 2249 792 2312 quam
805 2228 948 2310 elegans,
960 2247 1060 2309 quam
1072 2231 1259 2308 oratorium,
1271 2233 1339 2294 sive
1354 2230 1481 2294 habeas

275 2355 353 2398 vere
367 2336 456 2416 quod
479 2355 610 2398 narrare
628 2333 743 2416 possis,
761 2331 851 2412 quod
867 2339 981 2393 tamen
1002 2341 1053 2395 est
1076 2333 1354 2397 mendaciunculis
1368 2355 1480 2416 asper-

275 2440 429 2520 gendum,
445 2441 513 2502 sive
529 2439 644 2518 fingas.
689 2437 753 2500 Est
768 2443 880 2497 autem
895 2433 978 2500 haec
993 2434 1091 2499 huius
1109 2439 1239 2516 generis
1253 2438 1365 2516 virtus,
1380 2449 1418 2503 ut
1433 2439 1481 2504 ita

310 2589 333 2637 5.
350 2575 418 2623 modo
430 2591 479 2624 orn.
492 2575 584 2624 Kcum
596 2573 668 2623 codd.
681 2577 742 2621 mut.
809 2569 868 2632 quid
883 2585 933 2619 om.
951 2570 977 2619 K
993 2587 1050 2620 curn
1070 2573 1142 2635 ABy.
1257 2573 1281 2622 8.
1298 2575 1426 2621 venerimus
1438 2573 1479 2624 PS

276 2655 333 2690 cum
345 2641 401 2702 Ay:
428 2643 544 2689 veniemus
559 2641 648 2688 Kcum
661 2638 733 2688 codd.
746 2635 867 2701 plurimis.
954 2649 992 2698 15.
1010 2639 1150 2700 oppidanum
1161 2638 1272 2688 incLK:
1301 2638 1433 2689 nonhabet
1444 2643 1478 2698 A,

276 2707 319 2756 sed
330 2706 427 2756 videtur
437 2722 489 2756 esse
500 2707 597 2757 lacuna.

311 2834 332 2867 2.
349 2823 433 2876 belle,
447 2817 559 2882 ‘neatly’
572 2818 588 2868 i.
602 2824 614 2878 5
629 2829 674 2878 247
688 2815 778 2880 (note).
901 2813 1016 2865 collision
1037 2809 1102 2865 with
1119 2816 1172 2866 him
1190 2816 1215 2866 in
1235 2816 1274 2867 his
1297 2818 1394 2867 ‘suasio
1414 2818 1479 2882 legis

310 2889 497 2936 deformitatis
514 2890 543 2934 st
564 2886 688 2941 eorporis
702 2884 850 2931 vitiorum:
900 2879 1031 2931 Serviliae'
1051 2882 1155 2941 (Introd.
1174 2899 1198 2948 p.
1210 2885 1252 2948 9);
1270 2892 1297 2932 to
1314 2883 1416 2934 ridicule
1433 2886 1478 2934 the

276 2950 385 3002 Cicero's
412 2951 522 3014 practice
545 2951 570 2999 in
594 2950 633 2999 his
655 2948 778 3013 speeches‚
801 2946 850 2995 and
900 2947 1022 2997 ferocious
1045 2948 1171 2998 character
1191 2949 1221 2998 of
1237 2949 1364 3010 theman,
1386 2951 1417 2998 he
1440 2951 1478 2998 in·

276 3034 351 3080 many
372 3017 401 3066 oi
420 3017 462 3067 the
484 3017 622 3066 witticisms
645 3015 736 3080 quoted
760 3015 786 3062 in
809 3013 852 3060 the
900 3013 989 3062 vented
1011 3029 1027 3062 a
1046 3021 1115 3077 story
1132 3015 1188 3063 that
1209 3015 1245 3063 M.
1265 3016 1315 3064 had
1335 3016 1414 3065 bitten
1433 3017 1478 3066 the

275 3083 406 3147 following
422 3083 544 3147 chapters,
556 3082 627 3131 show
643 3083 702 3131 how
710 3080 800 3144 widely
811 3079 851 3126 his
900 3095 953 3128 arm
982 3078 1011 3128 of
1034 3095 1049 3128 a
1077 3094 1135 3128 man
1163 3080 1224 3130 with
1256 3081 1339 3130 whom
1367 3081 1398 3130 he
1425 3081 1479 3132 had

275 3165 368 3198 canons
380 3150 409 3196 of
422 3150 489 3213 good
506 3154 570 3197 taste
587 3147 687 3197 differed
703 3147 767 3196 from
779 3147 851 3210 those
900 3145 1039 3209 quarrelled
1055 3145 1133 3194 about
1152 3162 1168 3194 a
1185 3147 1300 3202 mistress,
1319 3147 1367 3196 and
1382 3163 1445 3210 gave
1461 3165 1477 3198 a

275 3231 332 3264 now
344 3214 492 3279 universally
500 3213 652 3278 recognized.
677 3213 726 3261 His
734 3211 850 3275 speeohes
899 3211 1036 3260 humorous
1056 3211 1229 3262 confirmation
1249 3212 1279 3261 of
1294 3213 1334 3261 his
1354 3219 1422 3277 story
1442 3215 1478 3276 by

275 3281 317 3327 ‘in
329 3279 471 3327 Vatinium'
488 3280 537 3327 aud
556 3281 595 3327 ‘in
613 3278 741 3328 Pisonem'
759 3277 849 3340 especi·
899 3277 1020 3340 asserting
1035 3277 1089 3326 that
1106 3277 1137 3327 he
1157 3278 1208 3327 had
1227 3294 1284 3328 seen
1301 3279 1343 3328 the
1360 3280 1431 3327 walls
1449 3279 1481 3327 of

273 3345 326 3407 ally
345 3343 445 3392 abound
464 3343 526 3392 with
545 3343 588 3392 the
607 3349 716 3393 coarsest
735 3343 851 3406 personal
899 3342 942 3392 the
953 3343 1043 3392 houses
1058 3343 1083 3390 in
1095 3344 1228 3394 Tarracina
1243 3345 1345 3394 covered
1357 3345 1418 3392 with
1433 3345 1477 3394 the

275 3411 359 3459 abuse.
900 3409 984 3457 letters
996 3409 1024 3458 L.
1035 3409 1063 3458 L.
1074 3407 1102 3456 L.
1115 3409 1150 3456 M.
1161 3409 1198 3456 M.
1207 3426 1213 3459 :
1230 3410 1299 3458 these
1310 3425 1374 3458 were
1385 3410 1476 3460 doubt·

306 3492 331 3540 4.
348 3480 502 3532 quatenus:
519 3473 636 3522 Aradii.
652 3487 690 3537 ²9·
707 3487 738 3538 9²
755 3479 850 3523 ‘rerum
898 3473 947 3524 less
966 3475 1082 3523 intended
1100 3475 1138 3523 for
1152 3491 1184 3523 an
1200 3476 1304 3526 election
1321 3475 1431 3538 placard‚
1447 3476 1476 3524 in

273 3552 362 3590 natura
381 3540 475 3590 nullam
495 3541 569 3589 uobis
590 3540 659 3589 dedit
681 3539 849 3604 cognitionem
899 3540 941 3589 the
958 3540 1117 3590 abbreviated
1133 3540 1197 3590 form
1212 3541 1242 3590 of
1248 3541 1329 3590 which
1347 3540 1390 3588 the
1400 3540 1476 3590 Pom·

274 3607 369 3664 finium,
389 3614 418 3657 nt
438 3607 491 3656 ulla
510 3607 535 3654 in
555 3622 581 3655 re
601 3611 708 3655 statuere
725 3606 849 3670 possimus
869 3603 871 3608 ’
898 3607 972 3670 peian
987 3607 1078 3670 graffiti
1093 3606 1183 3669 supply
1197 3623 1272 3670 many
1282 3607 1404 3655 instances
1424 3619 1476 3671 (cp.

274 3673 410 3737 quatenus?
448 3672 492 3723 Or.
513 3685 550 3721 21.
573 3681 603 3735 73
624 3673 663 3720 ‘in
686 3672 850 3737 omnibusque
899 3672 1149 3736 Zangemeister‚C.I.
1158 3673 1313 3731 L.iv.Index,
1324 3688 1366 3736 pp.
1375 3673 1475 3736 249fi.):

273 3739 346 3788 rebus
357 3739 490 3788 videndum
502 3745 540 3788 est
550 3737 686 3803 quatenus!
899 3739 943 3786 but
953 3737 1056 3787 Crassus
1063 3737 1172 3786 asserted
1180 3738 1235 3788 that
1244 3755 1275 3787 an
1284 3738 1326 3786 old
1335 3745 1476 3788 townsmau

309 3814 331 3866 7.
359 3807 498 3863 mimicus,
523 3805 654 3856 ‘farcicaL'
687 3804 731 3854 Or.
757 3803 795 3854 26.
817 3805 848 3854 88
899 3804 1029 3868 explained
1040 3803 1108 3852 them
1120 3819 1148 3852 as
1161 3819 1194 3852 an
1208 3804 1301 3853 iambic
1312 3805 1421 3854 trimeter
1433 3805 1477 3854 de·

275 3870 283 3896 ‘
294 3868 355 3917 illud
383 3869 544 3920 admonemus
567 3878 658 3930 tamen,
682 3870 787 3919 ridiculo
814 3870 850 3919 sic
898 3870 1008 3934 scribing
1018 3870 1068 3918 this
1079 3869 1180 3918 assault.

274 3948 375 3982 usurum
392 3942 523 3991 oratorem,
535 3944 563 3983 ut
575 3952 620 3985 nec
631 3936 705 3985 nimis
720 3936 847 3998 frequenti,
934 3950 972 3985 12.
990 3939 1113 3984 rixatus:
1129 3951 1145 3983 a
1155 3936 1216 3984 verb
1224 3935 1284 3984 used
1294 3935 1409 3986 nowhere
1424 3938 1478 3987 else

273 4013 305 4046 ue
322 3999 421 4048 scurrile
436 4001 475 4060 sit,
489 4016 533 4050 nec
544 4002 707 4063 subobsceno,
719 4016 751 4051 ne
767 4001 849 4050 mimi·
897 4001 931 4066 by
947 4001 1049 4050 Cicero:
1072 4017 1087 4050 a
1103 4002 1158 4048 rixa
1174 4001 1195 4049 is
1210 4001 1325 4066 properly
1341 4018 1356 4050 a
1375 4004 1477 4066 quarrel

274 4063 348 4113 cum?
897 4066 952 4116 that
970 4082 1053 4116 eomes
1070 4073 1098 4115 to
1115 4066 1202 4126 blows,
1217 4084 1233 4116 a
1249 4066 1342 4116 brawl:
1362 4082 1401 4130 cp.
1413 4069 1477 4116 Tac.

307 4144 331 4194 9.
342 4145 373 4178 rs
382 4135 619 4187 tractatur,‘tums
628 4147 696 4195 upon
705 4145 773 4180 some
780 4131 846 4184 fact’
898 4133 964 4183 Hist.
976 4133 992 4181 i.
1007 4133 1039 4194 64
1059 4132 1154 4197 ‘iurgia
1171 4132 1286 4196 primum,
1309 4149 1368 4182 mox
1390 4134 1477 4184 rixae!

309 4209 346 4248 ro.
362 4198 473 4255 tabella,
485 4194 635 4246 ‘anecdota’
895 4200 949 4250 Iuv.
960 4215 998 4248 xv.
1014 4212 1053 4262 5²·

309 4274 347 4312 11.
360 4263 535 4318 Memmium,
544 4262 585 4311 the
597 4262 694 4311 tribune
702 4261 731 4310 of
736 4277 846 4324 s.c.1r1;
932 4265 969 4312 18.
998 4267 1248 4322 mendaciunculis,
1267 4263 1403 4313 ‘fictitious
1423 4280 1475 4314 em·

274 4327 326 4376 ‘vir
336 4343 393 4377 acer
404 4333 429 4376 et
440 4327 549 4377 infensus
560 4329 685 4391 potentiae
695 4329 847 4379 nobilitatis'
896 4329 1082 4380 bellishments.'
1114 4331 1223 4380 Cicero's
1239 4330 1336 4380 remark
1348 4331 1407 4379 here
1425 4331 1477 4379 fur·

274 4393 347 4455 (Sall.
369 4395 426 4458 Jug.
452 4397 502 4458 27).
537 4394 624 4444 Cicero
647 4394 770 4444 describes
793 4395 846 4444 him
896 4396 978 4446 nishes
996 4412 1012 4444 a
1031 4395 1148 4446 standard
1166 4397 1200 4461 by
1216 4397 1300 4445 which
1317 4403 1344 4445 to
1363 4402 1413 4446 test
1430 4397 1476 4446 the

275 4459 355 4519 (Brut.
366 4460 404 4519 36.
419 4458 477 4523 156)
495 4477 522 4509 as
539 4466 637 4509 ‘orator
653 4461 792 4519 mediocris,
806 4478 846 4510 ac·
897 4461 964 4509 truth
993 4462 1021 4510 of
1038 4478 1113 4525 many
1135 4463 1164 4512 of
1188 4463 1227 4511 his
1249 4463 1352 4526 charges
1374 4460 1478 4525 against

273 4532 373 4574 cusator
389 4541 444 4573 acer
461 4535 536 4590 atque
552 4525 667 4574 acerbus’
686 4531 737 4590 (cp.
752 4532 763 4585 ξ
779 4527 846 4588 283).
897 4526 1014 4584 Catilina,
1040 4526 1154 4586 Clodius,
1181 4528 1231 4578 aud
1264 4528 1347 4578 others
1380 4527 1409 4576 of
1434 4528 1478 4579 his

273 4589 376 4638 Crassus
398 4606 455 4654 may
477 4591 542 4641 have
576 4593 639 4641 been
656 4592 765 4656 brought
792 4593 846 4642 into
896 4593 1012 4641 enemies.
