3286 5036
590 411 661 478 aa
687 412 919 480 carrona
941 410 991 480 Jr.
1326 429 1389 501 303

190 591 295 685 requi
312 611 369 669 aut
384 589 527 669 hreviter
541 612 599 669 aut
614 604 788 668 summisse
809 594 932 681 dicunt,
950 606 1068 670 docere
1084 604 1224 671 iudicem
1240 615 1388 688 possunt,

189 728 397 773 commovere
413 729 479 772 non
494 717 652 790 possunt3
676 710 709 771 in
727 729 793 790 quo
808 718 885 772 sunt
901 710 1023 773 omnia.

126 815 134 830 '
233 812 306 875 Iam
325 812 405 876 illud
421 813 629 896 perspicuum
651 821 709 887 est,
726 813 874 875 omnium
901 833 1008 876 rerum
1030 801 1267 878 in'contrarias
1286 817 1389 896 partis

188 915 382 981 facultatem
399 939 442 981 ex
459 917 584 981 eisdem
601 918 804 998 suppeditari
820 915 909 980 locis
945 915 1013 980 Sed
1028 928 1224 1000 argumento
1236 919 1389 982 resisten-

187 1021 267 1083 dum
289 1032 339 1086 est
359 1029 417 1084 aut
440 1021 495 1096 eis,
512 1041 598 1102 quae
616 1020 853 1102 comprobandi
872 1019 941 1082 eius
961 1040 1060 1084 causa
1081 1029 1263 1096 sumuntur,
1281 1033 1416 1106 repre-5

186 1122 371 1187 hendendis
386 1133 444 1188 aut
460 1124 727 1199 demonstrando,
744 1123 786 1196 id,
807 1122 897 1204 quod
919 1122 1114 1187 concludere
1130 1123 1177 1186 illi
1192 1124 1304 1199 velint,
1322 1146 1387 1189 non

187 1228 270 1291 effici
286 1249 330 1291 ex
351 1229 525 1311 propositis
549 1247 609 1290 nec
629 1247 702 1289 esse
722 1245 935 1308 consequens
951 1236 1018 1300 aut,
1036 1229 1063 1289 si
1086 1227 1133 1290 ita
1156 1248 1222 1290 non
1246 1227 1387 1303 refellas,

188 1331 403 1395 adferendum
426 1341 476 1395 est
499 1333 532 1395 in
555 1331 752 1394 contrariam
773 1339 912 1413 partem,
928 1331 1018 1411 quod
1036 1331 1078 1394 sit
1100 1339 1157 1394 aut
1175 1332 1307 1413 gravius
1329 1341 1388 1396 aut

121 1454 294 1517 altaeque
316 1457 425 1518 grave.
469 1434 531 1498 Illa
554 1443 675 1508 autem,
697 1455 784 1516 quae
806 1443 865 1497 aut
887 1435 1125 1498 conciliationis
1148 1455 1247 1498 causa
1269 1435 1388 1500 leniter

185 1549 242 1603 aut
265 1542 479 1621 permotionis
501 1538 713 1602 vehementer
736 1547 887 1620 aguntur,
911 1539 1082 1602 contrariis
1106 1539 1386 1603 commotionibus
1402 1561 1432 1600 ro

185 1643 363 1706 auferenda
392 1652 477 1718 sunt,
505 1652 542 1706 ut
564 1642 642 1706 odio
664 1641 904 1716 benevolentia,
929 1641 1152 1705 misericordia
1178 1643 1301 1707 invidia
1322 1644 1388 1707 tol-

184 1745 280 1810 latur.
518 1737 521 1740 ’

119 1845 171 1910 54
230 1849 348 1914 Suavis
363 1858 475 1912 autem
492 1857 543 1913 est
566 1857 600 1912 et
620 1847 834 1912 vehementer
849 1868 948 1930 saepe
964 1847 1054 1912 utilis
1070 1847 1161 1912 iocus
1177 1856 1211 1911 et
1226 1848 1385 1938 facetiae3

185 1974 279 2035 quae,
295 1953 425 2019 etiamsi
439 1953 504 2016 alia
524 1955 635 2016 omnia
655 1953 741 2016 tradi
759 1962 830 2016 arte
845 1961 992 2033 possunt,
1009 1960 1146 2016 naturae
1161 1961 1238 2015 sunt
1253 1955 1385 2035 propria

185 2065 274 2120 certe
298 2076 405 2137 neque
428 2055 529 2118 ullam
552 2064 657 2118 artem
680 2055 889 2120 desiderant:
923 2055 957 2118 in
980 2055 1100 2136 quibus
1127 2064 1162 2119 tu
1190 2054 1288 2138 longe
1312 2057 1384 2120 aliis
1400 2083 1428 2134 15

186 2180 260 2224 mea
276 2158 448 2237 sententia,
465 2158 595 2231 Caesar,
614 2158 749 2222 excellis
763 2183 770 2236 ;
795 2179 861 2240 quo
881 2161 986 2241 magis
1003 2159 1081 2222 mihi
1101 2161 1201 2222 etiam
1218 2168 1275 2224 aut
1290 2161 1385 2223 testis

185 2284 256 2327 esse
272 2273 368 2345 potes
384 2262 509 2327 nullam
532 2283 605 2326 esse
625 2271 730 2326 artem
751 2262 828 2325 salis
849 2272 916 2338 aut,
933 2263 961 2325 si
980 2284 1045 2345 qua
1064 2272 1123 2338 est,
1140 2283 1213 2326 earn
1229 2273 1265 2327 tu
1281 2264 1385 2345 potis·

45 2392 50 2397 ·
118 2380 168 2432 217
185 2369 305 2430 simum
328 2386 390 2430 nos
416 2362 554 2430 docere.’
609 2365 701 2448 ‘Ego
724 2361 821 2442 vero,’
848 2366 956 2448 inquit
983 2366 1090 2429 ‘omni
1119 2366 1161 2429 de
1185 2387 1220 2430 re
1247 2365 1384 2431 facetius

561 2519 598 2568 18.
618 2521 698 2568 docere
709 2518 781 2568 codd.
794 2523 855 2567 mut.
867 2520 955 2568 docebis
966 2519 994 2568 P.

215 2669 237 2702 α.
254 2656 285 2702 ln
304 2668 361 2710 quo
380 2657 448 2701 sunt
465 2654 568 2711 omnia,
589 2651 652 2700 ‘and
674 2667 756 2713 every·
807 2649 878 2700 effect
896 2667 963 2715 upon
979 2651 1021 2700 the
1037 2650 1133 2716 judges.
1162 2651 1267 2714 Quintil.
1279 2651 1313 2701 vi.
1329 2666 1381 2715 3·1

180 2719 234 2767 thin
264 2719 373 2783 depends
390 2734 458 2783 upon
475 2718 583 2766 thist'i.
597 2731 635 2780 14.
646 2716 695 2773 60;
712 2716 756 2766 Or.
808 2717 899 2765 ‘virtus
919 2732 984 2780 quae
1003 2717 1080 2764 risum
1102 2717 1191 2765 iudicis
1214 2718 1337 2767 movendo
1357 2725 1382 2768 et

181 2799 219 2836 11.
233 2736 264 2847 ἔς
278 2785 318 2833 ‘id
329 2800 404 2832 unum
412 2799 442 2833 ex
448 2783 562 2833 omnibus
572 2783 604 2832 ad
611 2783 757 2832 obtinendas
806 2781 864 2830 illos
876 2782 958 2831 tristes
973 2782 1048 2831 solvit
1059 2781 1168 2842 affectus,
1181 2790 1205 2831 et
1221 2783 1331 2832 animum
1349 2784 1382 2832 ab

179 2866 265 2899 causas
274 2857 357 2914 potest
368 2849 516 2913 plurimum.¹
533 2848 646 2898 Soinde
657 2849 718 2913 Leg.
731 2847 756 2896 ii.
806 2847 942 2896 intentione
967 2863 1048 2896 rerum
1076 2847 1214 2912 frequenter
1238 2849 1335 2909 avertit,
1358 2858 1383 2899 et

182 2929 219 2964 10.
230 2931 260 2978 ²4
270 2916 310 2964 ‘in
321 2930 370 2979 quo
382 2921 438 2964 sunt
445 2915 543 2965 omnia:
553 2914 559 2932 ’
570 2929 610 2978 cp.
621 2915 653 2964 de
663 2913 719 2963 Seu.
733 2927 755 2975 3.
805 2911 941 2976 aliquando
953 2914 1030 2961 etiam
1045 2913 1133 2969 reficit,
1143 2921 1168 2962 et
1184 2929 1199 2961 a
1214 2915 1330 2964 satietate
1343 2915 1384 2964 vel

181 2983 196 3029 8
209 2981 306 3043 (Reid).
806 2992 822 3025 a
833 2977 980 3042 fatigatione
990 2977 1108 3026 renovat’

214 3062 235 3108 3.
254 3047 320 3104 lam,
335 3049 347 3104 t
362 3057 416 3094 211.
839 3046 918 3091 iooua
937 3049 966 3092 st
981 3045 1112 3092 sacenae:
1130 3043 1173 3092 the
1188 3049 1264 3092 terms
1282 3043 1320 3092 for
1339 3044 1381 3094 the

213 3131 236 3172 4.
253 3114 417 3160 facultatem
433 3111 560 3159 omnium
577 3121 679 3169 rarum,
699 3107 756 3157 ‘the
805 3107 904 3156 various
915 3106 988 3156 kinds
1000 3108 1029 3156 ol
1037 3108 1081 3156 wit
1096 3109 1146 3157 and
1159 3108 1267 3157 humour
1279 3124 1321 3158 are
1337 3118 1383 3159 not

180 3193 265 3242 power
275 3176 305 3224 of
311 3175 434 3239 handling
444 3190 516 3238 every
526 3170 634 3235 subject‘
805 3173 867 3220 used
879 3173 940 3221 with
959 3188 1007 3235 any
1017 3174 1110 3236 precise
1127 3174 1279 3237 consistency
1294 3175 1328 3238 by
1339 3175 1382 3224 the

214 3246 279 3301 Sed,
299 3248 353 3296 ete,
375 3241 420 3288 but
436 3241 517 3288 where
535 3243 676 3303 arguments
699 3238 755 3298 (not
806 3237 905 3286 Roman
927 3239 1029 3287 writers.
1065 3238 1133 3287 Even
1158 3238 1255 3296 Cicero,
1276 3239 1333 3289 who
1356 3241 1383 3289 in

178 3308 248 3357 these
254 3313 372 3370 attempts
383 3312 410 3354 to
421 3305 490 3354 work
507 3319 575 3368 upon
586 3304 628 3354 the
639 3303 755 3367 leelings)
808 3308 821 3364 ᾗ
843 3304 888 3350 218
908 3304 994 3352 makes
1010 3305 1136 3361 cavillatio,
1148 3302 1265 3360 ‘benten'
1279 3305 1329 3353 and
1346 3308 1382 3354 di·

178 3375 242 3422 have
264 3374 325 3421 been
346 3372 407 3421 used
429 3372 679 3436 byyouroppoueut,
698 3369 757 3432 they
805 3371 897 3425 cacitas,
922 3367 996 3426 ‘wit'
1023 3369 1066 3418 the
1087 3376 1139 3418 two
1166 3370 1331 3420 subdivisions
1354 3370 1385 3419 ol

180 3445 245 3487 must
256 3439 288 3488 be
299 3444 357 3497 met,
370 3443 416 3486 etc.
799 3436 909 3493 facetiae,
923 3433 1042 3498 ‘jesting’
1055 3436 1105 3499 (cp.
1116 3442 1176 3484 note
1187 3452 1220 3485 on
1231 3436 1247 3484 i.
1258 3449 1280 3496 5.
1295 3438 1346 3497 17),
1355 3437 1381 3486 in

213 3519 235 3568 5.
243 3497 752 3565 reprahcndendls,‘bycontroverting:'
805 3500 850 3550 Or.
864 3499 902 3552 26.
914 3515 946 3562 40
958 3500 1044 3549 makes
1048 3502 1149 3560 facetiae
1161 3502 1210 3550 aud
1218 3503 1329 3549 dicacitas
1338 3501 1381 3551 the

181 3575 193 3630 5
209 3584 264 3632 31¹·
804 3565 972 3614 subdivisions
981 3565 1010 3614 ol
1017 3568 1083 3613 sales.
1106 3566 1186 3614 Other
1198 3566 1278 3614 words
1290 3568 1381 3629 practi-

213 3645 235 3697 7.
252 3635 405 3693 proposita,
420 3629 568 3696 ‘premises'
804 3631 869 3695 cally
878 3631 900 3679 il
903 3638 947 3680 not
956 3631 1051 3694 strictly
1057 3645 1224 3693 synonymous
1235 3647 1277 3680 are
1285 3635 1379 3688 salsum,

213 3715 250 3749 11.
268 3702 428 3758 auferenda,
449 3700 491 3747 the
508 3697 599 3746 easiest
618 3695 753 3746 correction
803 3706 929 3749 venustam,
941 3698 1065 3744 urbanum.
1088 3695 1134 3759 Cp.
1144 3695 1297 3751 Volkmann,
1305 3696 1379 3747 Rhet.

178 3765 207 3816 ol
215 3767 257 3815 the
268 3766 371 3828 reading
383 3763 412 3813 ol
420 3764 456 3812 Αε
468 3763 589 3826 efferenda.
802 3776 828 3824 p.
843 3775 897 3825 241.
920 3761 949 3809 In
962 3760 1108 3824 translating
1120 3775 1157 3810 we
1168 3768 1234 3810 must
1245 3762 1276 3810 be
1287 3761 1381 3825 guided

211 3847 250 3882 oo.
264 3835 370 3883 54-51:
393 3835 421 3890 §5
434 3830 565 3882 att-234.
593 3827 708 3874 Antonius
718 3841 754 3873 re·
804 3827 837 3888 by
849 3827 891 3875 the
903 3832 1012 3876 context.

177 3908 250 3962 queris
267 3899 355 3947 Caesar
377 3905 399 3944 to
422 3897 537 3942 discourse
552 3902 614 3954 upon
636 3894 683 3939 wit.
716 3893 753 3938 He
839 3905 877 3956 ¹4·
894 3888 1168 3941 arte=‘doctrina’in
1181 3897 1194 3952 ς
1208 3893 1263 3940 218·

178 3965 259 4025 replies
270 3963 321 4010 ttae
331 3962 429 4025 nothing
440 3961 459 4006 is
470 3974 535 4006 more
544 3957 649 4022 difficolt,
656 3957 752 4016 forwit,
830 3969 867 4020 15.
880 3963 967 4005 artem
975 3960 1145 4006 desiderant.
1159 3957 1263 4020 Quintil.
1272 3958 1304 4006 vi.
1312 3971 1336 4020 3.
1349 3973 1376 4008 11

178 4031 202 4077 in
215 4027 268 4076 both
279 4030 308 4076 its
322 4037 366 4076 twa
379 4027 442 4076 rnain
458 4025 576 4081 divisione,
592 4025 611 4070 is
624 4039 639 4069 a
655 4023 753 4070 natural
802 4029 844 4070 ‘ut
855 4037 905 4071 non
917 4023 997 4071 ausim
1008 4023 1089 4071 dicere
1101 4038 1182 4072 carere
1198 4023 1299 4073 omnino
1316 4033 1377 4081 arte,

177 4096 233 4160 gist,
251 4095 301 4140 and
317 4101 401 4141 cannot
417 4091 443 4138 lie
459 4089 551 4154 taught.
584 4090 621 4136 tte
635 4087 708 4135 sicas
723 4089 752 4136 itt
801 4088 860 4152 quia
867 4087 1013 4136 nonnullam
1022 4089 1219 4138 observationem
1227 4089 1303 4138 habet
1312 4099 1379 4138 sunt·

175 4169 246 4224 great
267 4161 332 4225 effen
351 4159 378 4218 by
405 4155 493 4204 sevnal
514 4155 668 4203 illustrationis
682 4154 751 4215 from
801 4168 849 4217 que
866 4153 899 4201 ad
916 4153 943 4201 id
962 4153 1110 4217 pertinentia
1127 4161 1152 4204 et
1168 4171 1184 4202 a
1201 4155 1304 4204 Graecis
1320 4160 1345 4202 et
1362 4171 1379 4205 a

177 4224 277 4289 speeclres
299 4226 327 4285 by
350 4226 455 4277 Graccus
472 4223 522 4270 and
532 4221 623 4283 praises
645 4219 682 4266 tlte
699 4219 751 4278 self-
800 4218 898 4266 Latinis
919 4219 1060 4283 composita
1080 4227 1222 4284 praecepta,
1245 4220 1281 4269 ita
1303 4219 1378 4284 plane

178 4291 268 4340 control
278 4290 357 4338 shown
368 4291 396 4349 hy
406 4287 450 4336 tlris
460 4297 542 4334 orator
549 4287 573 4332 in
585 4289 622 4335 tite
631 4300 669 4331 use
679 4286 708 4346 os
714 4284 751 4332 liic
801 4283 914 4343 adfirmo,
923 4285 1054 4350 praecipue
1061 4286 1172 4349 positum
1184 4300 1237 4335 esse
1249 4285 1274 4334 in
1289 4292 1379 4335 natura

174 4368 274 4421 powers.
309 4356 372 4403 Tlcen
381 4354 476 4416 follows
491 4352 579 4412 chrias
586 4352 749 4407 conversation,
800 4355 826 4398 et
837 4350 861 4397 iu
873 4348 1022 4398 occasione)

178 4422 251 4470 attat
261 4422 326 4470 leads
337 4430 359 4468 tc
370 4420 406 4468 tlte
417 4419 548 4467 conclusion
559 4415 611 4464 that
619 4432 680 4463 sanie
686 4418 750 4464 rules
836 4417 873 4465 18.
890 4417 1024 4464 facetius:
1043 4413 1082 4464 lor
1092 4414 1134 4464 the
1146 4414 1206 4478 play
1216 4429 1284 4477 upon
1296 4413 1378 4462 words

177 4488 273 4537 derived
282 4488 350 4547 sram
366 4485 508 4532 obimatian
525 4498 578 4542 nray
595 4482 750 4543 begiaenfor
801 4496 839 4544 cp.
852 4481 869 4530 i.
881 4480 921 4529 61.
935 4480 988 4529 260.
1026 4480 1053 4528 ‘I
1070 4480 1143 4528 think
1160 4479 1215 4528 that
1228 4495 1244 4528 a
1260 4495 1316 4527 man
1333 4486 1377 4528 not

171 4554 282 4616 jcrnring
293 4552 440 4614 ajudgment
451 4559 511 4611 upon
522 4547 652 4596 witticisms.
800 4545 919 4594 destitute
935 4545 965 4594 ol
976 4545 1084 4593 humour
1101 4560 1146 4592 can
1163 4544 1289 4593 discourse
1307 4560 1377 4595 more

212 4631 250 4682 13.
267 4619 356 4674 utilis,
368 4631 402 4666 sc.
413 4614 452 4665 lor
461 4613 600 4680 producing
605 4611 648 4662 the
655 4609 752 4662 desired
802 4610 893 4676 wittily
904 4625 972 4676 upon
983 4626 1032 4675 any
1042 4609 1138 4673 subject
1149 4609 1209 4660 than
1221 4625 1289 4676 upon
1300 4608 1360 4662 wit?
