3286 5036
286 423 350 506 35⁶
608 422 662 488 M.
691 422 862 487 rutrrr
892 421 1157 488 crcaaorvrs

286 623 414 690 cetera3
438 614 496 676 sed
512 612 575 676 hoc
592 614 697 694 magis
713 612 746 673 in
762 610 824 674 hac
841 610 1078 673 elaborandum
1096 619 1155 684 est,
1167 609 1255 691 quod
1273 617 1306 672 et
1320 597 1486 672 difficilius

287 726 336 779 est
352 737 417 779 non
434 737 506 780 esse
520 715 695 779 obscurum
717 716 750 777 in
769 735 803 778 re
821 715 983 778 narranda
1001 697 1100 795 quam
1124 723 1181 776 aut
1202 713 1235 774 in
1254 713 1411 794 principio
1427 720 1487 774 aut

286 822 319 882 in
348 821 612 901 argumentando
649 830 706 884 aut
742 822 774 881 in
808 819 1012 900 perorando;
1051 826 1084 880 et
1115 818 1237 879 maiore
1268 817 1369 879 etiarn
1399 816 1487 897 peri-

286 923 360 986 culo
383 924 463 987 haec
486 944 561 1006 pars
579 924 735 986 orationis
757 923 895 985 obscura
918 931 968 984 est
991 941 1090 1002 quam
1115 929 1252 996 ceterae,
1271 919 1324 982 vel
1348 921 1435 1001 quia,
1460 918 1487 980 si

258 1049 272 1098 5
286 1047 352 1107 quo
368 1027 432 1089 alio
448 1029 481 1088 in
497 1027 570 1090 loco
586 1036 636 1090 est
652 1028 777 1089 dictum
794 1025 872 1107 quid
894 1024 1071 1100 obscurius,
1088 1033 1217 1086 tantum
1235 1025 1268 1086 id
1285 1023 1379 1105 perit,
1395 1023 1487 1104 quod

286 1129 332 1191 ita
356 1131 480 1193 dictum
504 1140 563 1205 est,
586 1132 728 1194 narratio
749 1129 887 1192 obscura
907 1137 1014 1191 totam
1030 1137 1182 1191 occaecat
1204 1129 1408 1202 orationem3
1431 1122 1487 1187 vel

285 1232 375 1314 quod
402 1233 467 1297 alia
494 1237 608 1316 possis,
635 1233 736 1298 semel
767 1234 794 1296 si
824 1232 992 1296 obscurius
1022 1231 1155 1308 dixeris,
1182 1232 1290 1294 dicere
1320 1231 1386 1292 alio
1412 1229 1487 1292 loco

285 1337 423 1418 planius,
447 1339 641 1401 narrationis
664 1358 747 1400 unus
774 1347 823 1400 est
848 1338 881 1399 in
903 1357 1001 1399 causa
1024 1335 1125 1399 locus.
1171 1335 1245 1397 Erit
1270 1344 1384 1398 autem
1411 1353 1487 1415 per-

286 1441 399 1522 spicua
422 1443 572 1516 narratio,
590 1443 616 1504 si
635 1443 742 1510 verbis
758 1443 896 1518 usitatis
913 1442 939 1503 si
955 1441 1070 1503 ordine
1092 1448 1280 1519 temporum
1304 1447 1441 1515 servat0,
1459 1437 1487 1498 si

242 1576 273 1611 ιο
286 1565 350 1606 non
368 1547 548 1627 interrupte
571 1545 765 1609 narrabitur.
812 1544 880 1608 Sed
902 1543 1037 1624 quando
1052 1544 1212 1606 utendum
1229 1545 1272 1605 sit
1287 1550 1345 1604 aut
1360 1561 1426 1603 non
1442 1542 1487 1603 sit
1500 1541 1542 1605 81

286 1649 479 1726 narratione,
496 1651 529 1711 id
546 1659 595 1712 est
611 1649 757 1725 consilii3
781 1648 985 1729 nequeenim
1002 1648 1028 1709 si
1045 1643 1123 1709 nota
1140 1667 1189 1708 res
1206 1655 1255 1708 est
1270 1665 1330 1708 nec
1346 1645 1485 1707 dubium
1499 1629 1547 1672 33⁰

285 1753 364 1834 quid
380 1763 511 1834 gestum
528 1753 579 1829 sit,
596 1773 726 1815 narrare
742 1761 882 1833 oportet,
900 1771 960 1814 nec
983 1751 1010 1813 si
1033 1752 1236 1813 adversarius
1254 1750 1406 1826 narravit,
1421 1748 1486 1810 nisi

286 1857 311 1917 si
331 1855 534 1933 refellemus3
559 1877 597 1919 ac
619 1857 645 1918 si
667 1857 801 1938 quando
823 1857 884 1918 erit
908 1856 1116 1932 narrandum,
1137 1875 1196 1917 nec
1219 1853 1285 1930 illa,
1306 1874 1392 1934 quae
1413 1873 1486 1914 sus·

285 1960 448 2040 picionem
470 1969 503 2023 et
526 1961 649 2023 crimen
672 1960 814 2022 efficient
834 1968 1014 2039 contraque
1037 1978 1098 2020 nos
1121 1967 1223 2030 erunt,
1241 1957 1360 2020 acriter
1374 1977 1486 2038 perse-

243 2097 270 2146 15
285 2084 424 2144 quemur
440 2073 481 2142 et,
497 2065 653 2146 quicquid
667 2064 819 2145 potuerit,
829 2061 1039 2126 detrahemus
1052 2087 1059 2139 3
1084 2081 1125 2124 ne
1135 2062 1225 2139 illud,
1234 2063 1323 2143 quod
1337 2061 1484 2136 Crassus,

284 2169 461 2248 siquando
478 2168 545 2243 fiat,
561 2168 710 2250 perfidia,
727 2188 793 2230 non
812 2167 952 2230 stultitia
968 2165 1037 2228 fieri
1060 2174 1164 2248 putat,
1181 2175 1216 2228 ut
1233 2186 1351 2228 causae
1366 2185 1486 2228 nocea-

286 2292 367 2347 mus,
383 2272 521 2334 accidat.
568 2271 656 2334 Nam
673 2274 714 2335 ad
732 2291 896 2333 summam
913 2271 1015 2334 totius
1031 2290 1148 2332 causae
1163 2272 1314 2352 pertinet,
1330 2278 1425 2332 caute
1440 2290 1485 2331 an

284 2385 398 2438 contra
420 2376 648 2438 demonstrata
671 2396 722 2438 res
745 2377 797 2446 sit,
814 2376 903 2456 quod
927 2376 1034 2436 omnis
1061 2374 1217 2436 orationis
1242 2373 1386 2454 reliquae
1410 2371 1484 2435 lons

284 2487 334 2540 est
350 2480 499 2541 narratio.

240 2623 271 2656 20
329 2581 496 2662 Sequitur,
512 2591 548 2644 ut
565 2602 663 2645 causa
685 2591 833 2664 ponatur,
849 2581 882 2644 in
903 2602 969 2663 quo
984 2582 1163 2644 videndum
1180 2588 1238 2658 est,
1260 2581 1340 2661 quid
1357 2580 1388 2642 in
1405 2599 1483 2642 con·
1497 2592 1544 2637 aar

283 2686 474 2748 troversiam
504 2686 634 2762 veniat;
671 2694 743 2747 tum
778 2684 986 2767 suggerenda
1020 2693 1096 2748 sunt
1125 2685 1333 2747 firmamenta
1363 2703 1483 2747 causae

284 2788 456 2851 coniuncte
473 2797 505 2850 et
522 2787 726 2850 infirmandis
741 2790 910 2852 contrariis
927 2798 961 2851 et
977 2789 1042 2851 tuis
1058 2787 1309 2852 confirmandis·
1328 2788 1485 2870 Namque

316 2936 339 2984 3.
357 2925 381 2970 in
394 2927 579 2988 argumentando
591 2935 632 2972 aut
644 2926 668 2972 in
676 2927 811 2986 perorando
824 2924 869 3038 PdS.
884 2926 920 3038 'iq
931 2927 1054 2990 urguendo
1065 2935 1107 2972 aut
1113 2925 1241 2988 purgando
1256 2933 1298 2972 cut
1306 2925 1437 2986 perorando
1449 2924 1485 2972 K.

813 3007 952 3039 wemm

317 3116 340 3164 3.
358 3107 587 3159 argumentando,
610 3101 654 3152 the
675 3101 801 3165 generally
823 3118 859 3150 re·
944 3116 981 3151 20.
1001 3104 1144 3159 nequitur,
1165 3099 1222 3148 ‘the
1234 3105 1292 3147 next
1302 3099 1374 3163 thing
1385 3100 1420 3148 is:
1432 3097 1439 3119 ’
1452 3099 1485 3149 de

283 3167 368 3216 ceived
386 3167 523 3230 conjecture
535 3167 564 3216 os
578 3167 713 3217 Lambinus
730 3167 769 3216 ior
786 3185 858 3232 argu-

283 3244 357 3280 mento
369 3251 374 3280 :
394 3234 447 3296 [crit
455 3233 592 3296 purgando]
608 3249 653 3282 can
665 3234 753 3296 hardly
760 3235 792 3282 be
800 3249 858 3296 any-

282 3297 353 3361 thing
361 3299 407 3347 but
417 3315 431 3346 a
440 3298 555 3362 copyist's
564 3299 670 3346 mistake
679 3299 857 3359 forperorando.

283 3363 338 3412 'l'he
350 3363 443 3426 special
456 3363 521 3412 force
533 3364 615 3412 which
628 3365 669 3412 the
682 3364 751 3412 word
768 3363 813 3411 has
830 3379 857 3412 as

283 3445 298 3477 a
310 3428 430 3477 technical
441 3435 502 3476 term
515 3430 538 3476 in
550 3429 656 3477 rhetoric
666 3435 672 3455 ‘
681 3444 736 3476 cum
744 3428 857 3476 consulto

282 3502 356 3556 negat
368 3509 394 3542 se
411 3509 466 3542 reus
482 3493 581 3542 secisse·
594 3494 638 3556 (ad
657 3495 718 3543 Her.
730 3493 745 3541 i.
760 3507 798 3554 14.
812 3496 855 3557 24)

282 3559 303 3608 is
314 3560 382 3623 quite
393 3567 437 3607 out
449 3559 478 3608 os
487 3559 558 3624 place
569 3559 632 3608 here.

318 3639 355 3674 rr.
372 3640 463 3682 neque
482 3625 582 3674 extends
601 3625 654 3674 also
666 3631 693 3673 to
705 3642 744 3672 nec
755 3626 856 3674 dubium.

282 3691 307 3738 It
327 3691 347 3738 is
366 3698 409 3738 not
428 3706 556 3753 necessary
572 3691 631 3739 with
650 3691 692 3739 the
709 3691 799 3740 editors
816 3691 857 3739 be·

281 3763 360 3804 tween
372 3756 429 3803 Ern.
439 3756 488 3803 and
500 3755 549 3804 Ell.
559 3763 585 3805 to
595 3756 652 3804 read
661 3773 701 3804 nec
718 3759 738 3804 si
754 3773 799 3804 non
817 3759 858 3803 du·

281 3822 351 3876 bium,
363 3819 444 3868 which
456 3821 500 3868 has
512 3836 569 3882 very
581 3821 657 3884 slight
669 3821 802 3883 authority.

317 3900 354 3948 14.
363 3900 564 3942 persequemur
576 3902 619 3934 :so
627 3886 731 3948 Kayser,
740 3885 857 3935 followed

283 3950 317 4012 by
328 3950 408 4008 Soros,
421 3951 547 3998 corrected
559 3951 601 4000 the
618 3952 720 4014 reading
732 3953 761 3999 oi
770 3957 857 4014 (appa-

282 4015 361 4078 rently
372 4014 413 4066 all.
427 4022 471 4063 not
488 4031 515 4063 as
532 4017 608 4064 Sorof
621 4032 677 4078 says
695 4019 771 4076 most)
785 4017 856 4065 MSS.

277 4091 450 4143 persequamur,
472 4080 554 4129 which
575 4082 596 4129 is
619 4088 646 4130 at
664 4082 777 4130 variance
797 4081 856 4129 with

281 4145 323 4194 the
341 4146 412 4194 usual
429 4145 537 4209 practice
549 4146 578 4194 ol
591 4147 716 4195 Antonius
733 4147 758 4194 in
772 4147 858 4211 giving

280 4211 319 4258 his
331 4211 403 4267 rules,
418 4211 467 4258 and
485 4211 567 4259 which
585 4212 606 4259 is
623 4213 670 4260 due
688 4211 747 4275 only
763 4219 789 4260 to
813 4213 855 4260 the

280 4292 339 4339 very
357 4276 454 4341 general
478 4278 622 4340 corruption
642 4278 672 4326 of
691 4294 730 4324 nec
747 4278 800 4326 into
820 4295 855 4326 ne.

279 4343 328 4389 Nec
341 4380 347 4392 .
361 4379 366 4390 .
381 4381 386 4392 ,
398 4353 420 4392 er
430 4343 586 4406 correspond.
598 4359 626 4391 as
638 4343 713 4392 osten.

315 4421 352 4470 15.
364 4412 504 4465 potuerit:
524 4424 553 4457 so
562 4407 604 4458 the
612 4409 680 4472 good
690 4407 761 4458 MSS.
770 4410 856 4472 poterit

278 4473 301 4521 is
312 4475 421 4522 retained
433 4475 466 4536 by
478 4474 574 4538 Kayser
585 4475 633 4523 and
646 4475 700 4523 Pid.

314 4540 352 4588 18.
370 4543 561 4588 demonstrata
571 4540 665 4588 ‘stated
678 4539 792 4604 (clearly)
802 4536 824 4604 ;'
836 4541 853 4592 i.

279 4615 318 4664 ει·
334 4615 388 4668 143·

909 3166 957 3216 Off.
970 3167 986 3215 i.
1001 3179 1037 3226 27.
1054 3180 1092 3230 93.
1123 3166 1152 3213 In
1172 3165 1221 3213 this
1242 3180 1310 3214 sense
1326 3169 1388 3228 sequi
1405 3165 1485 3214 seems

908 3232 1000 3296 always
1016 3239 1042 3280 to
1059 3232 1090 3280 be
1107 3231 1224 3279 followed
1240 3231 1275 3294 by
1291 3240 1329 3280 ut:
1340 3231 1411 3279 when
1423 3230 1485 3278 used

908 3298 969 3345 with
986 3298 1028 3346 the
1044 3298 1161 3360 meaning
1177 3296 1234 3344 ‘the
1251 3297 1326 3345 result
1343 3297 1364 3344 is
1380 3295 1451 3352 that:
1463 3297 1484 3344 it

908 3363 979 3410 takes
996 3363 1139 3410 sometimes
1154 3377 1206 3410 acc,
1222 3376 1243 3410 c.
1251 3361 1296 3410 ins.
1304 3363 1445 3412 sometimes
1458 3373 1485 3408 ur

907 3428 969 3476 with
981 3427 1043 3490 subj.
1077 3427 1188 3482 Kiihner‚
1201 3427 1226 3476 ii.
1239 3429 1294 3476 812.
1318 3429 1377 3486 inde,
1389 3443 1417 3474 ex
1428 3443 1481 3490 quo,

907 3501 962 3546 etc..
979 3508 1021 3541 are
1034 3505 1074 3541 not
1083 3494 1143 3541 used
1154 3492 1216 3541 with
1227 3492 1262 3541 it:
1280 3491 1389 3554 Seyffert,
1402 3490 1484 3540 Laeh'

940 3629 1069 3680 ponatur,
1097 3623 1114 3674 i.
1144 3639 1183 3687 33.
1208 3637 1263 3686 149.
1304 3622 1366 3671 This
1383 3627 1438 3685 part
1455 3621 1487 3670 os

907 3689 950 3738 the
968 3689 1062 3752 subject
1082 3689 1127 3738 has
1147 3691 1207 3738 been
1230 3688 1293 3752 fully
1311 3688 1436 3736 discussed
1454 3689 1483 3736 in

909 3761 981 3816 §132
994 3755 1018 3811 ff.
1031 3755 1079 3803 and
1093 3761 1105 3815 §
1121 3755 1166 3816 163
1178 3755 1202 3803 ff.

943 3834 980 3867 21.
995 3825 1179 3878 suggerenda,
1194 3826 1270 3881 5117.
1295 3823 1481 3876 firmamenta,

907 3891 951 3933 not
960 3886 1064 3944 limited,
1074 3902 1101 3934 as
1108 3885 1183 3934 Sorof
1188 3900 1251 3949 says,
1261 3892 1288 3934 to
1297 3889 1339 3933 the
1348 3885 1415 3932 main
1425 3900 1482 3948 sup-

907 3959 965 4014 port
977 3951 1006 4000 of
1015 3953 1057 4000 the
1068 3951 1168 4000 desence
1180 3967 1185 3999 :
1204 3965 1242 4014 cp.
1259 3966 1305 4014 pro
1317 3950 1381 3999 Mur.
1396 3952 1434 3998 28.
1450 3950 1482 4012 58

909 4015 1104 4066 ‘firmamentum
1134 4031 1165 4066 ac
1186 4016 1261 4064 robur
1282 4017 1359 4065 totius
1382 4030 1482 4064 accusa·

907 4082 997 4130 tionis.'

942 4163 980 4198 22.
993 4149 1142 4197 contrariis
1153 4153 1182 4196 et
1193 4150 1262 4196 tutu:
1275 4153 1378 4201 neuters,
1384 4145 1444 4194 used
1453 4161 1482 4193 as

905 4214 1088 4262 substantives:
1106 4229 1145 4276 cp.
1165 4219 1177 4272 §
1196 4215 1235 4262 8ο,
1269 4213 1324 4260 The
1335 4227 1390 4260 case
1402 4227 1482 4259 seems

906 4286 933 4326 to
950 4280 981 4328 be
1002 4277 1066 4327 abl.:
1079 4285 1084 4304 ¹
1094 4279 1128 4341 by
1139 4278 1255 4342 rejecting
1262 4293 1323 4340 your
1335 4279 1481 4340 opponents'

905 4351 1047 4408 arguments
1065 4344 1114 4391 and
1131 4343 1294 4407 establishing
1311 4359 1372 4406 your
1387 4358 1444 4390 own
1455 4349 1482 4390 at

906 4409 949 4459 the
968 4425 1035 4458 same
1054 4407 1131 4458 time.'
1164 4410 1208 4458 Or.
1228 4419 1291 4473 part.
1312 4422 1351 4469 35.
1373 4421 1419 4456 122
1442 4407 1481 4455 ‘iu

905 4474 1081 4523 confirmandis
1104 4480 1188 4523 autern
1210 4475 1301 4524 nostris
1323 4480 1481 4536 argumenta-

904 4540 1013 4590 tionibus
1026 4539 1226 4605 infirmaudisque
1237 4537 1382 4590 contrariis?
