3286 5036
297 427 360 512 362
625 425 679 488 M.
706 423 881 490 rurrrr
903 423 1170 492 cicanorvrs

294 624 461 698 putantur,
474 621 508 680 'et
520 614 552 678 in
565 613 790 696 excogitando
801 614 1027 696 vis'quaedam
1043 614 1164 697 ingenii
1181 624 1214 680 et
1224 614 1302 696 'ipsa
1312 613 1501 696 eloquentia

295 717 523 784 admirationis
545 717 671 781 habent
694 738 761 782 non
784 718 901 792 minus,
922 719 1133 786 iucunditatis
1153 719 1281 786 minus:
1305 720 1393 801 ipsos
1410 718 1501 784 enim

296 825 401 905 magis
415 822 577 899 videntur,
593 841 677 902 quos
692 821 875 900 laudamus,
893 843 994 904 quarn
1010 822 1093 898 illos
1109 824 1198 905 apud
1215 843 1298 905 quos
1313 822 1500 896 laudamus,

295 945 411 990 ornare
425 946 464 990 ac
480 928 572 990 tueri.
601 925 670 990 Sed
686 935 799 989 tamen
811 927 844 990 in
856 925 1024 992 laudando
1036 926 1203 1009 iungenda
1214 936 1291 995 sunt
1304 927 1404 990 etiam
1416 926 1501 989 haec

266 1033 415 1112 5gen'era
443 1031 611 1106 virtutum,
643 1029 752 1094 ferunt
779 1029 867 1094 enirn
896 1051 992 1094 aures
1018 1030 1190 1095 hominum
1220 1049 1297 1093 cum
1322 1029 1387 1106 illa,
1412 1051 1501 1110 quae

294 1135 438 1198 iucunda
462 1144 495 1198 et
518 1144 623 1215 grata,
641 1144 713 1197 tum
733 1135 835 1197 etiam
858 1132 923 1210 illa,
943 1154 1030 1216 quae
1048 1133 1210 1198 mirabilia
1225 1135 1351 1202 suntin
1365 1135 1499 1204 virtute,

295 1239 431 1303 laudari.
472 1238 519 1302 Et
541 1219 700 1320 quoniam
723 1236 926 1320 singularum
942 1239 1101 1302 virtutum
1124 1247 1201 1306 sunt
1223 1247 1312 1302 certa
1332 1237 1499 1319 quaedam
1512 1231 1552 1295 85

295 1342 401 1406 officia
415 1362 454 1406 ac
475 1362 613 1405 munera
628 1352 662 1406 et
684 1361 745 1404 sua
765 1341 884 1423 cuique
901 1340 1015 1406 virtuti
1035 1342 1107 1406 laus
1126 1341 1258 1424 propria
1273 1341 1422 1418 debetur,
1439 1341 1500 1404 erit
1512 1316 1553 1361 ³⁴⁵

295 1446 529 1527 explicandum
548 1447 582 1508 in
605 1445 703 1510 laude
726 1445 878 1524 iustitiae,
899 1446 978 1527 quid
998 1466 1073 1510 cum
1093 1445 1167 1524 lide,
1182 1446 1264 1528 quid
1285 1465 1361 1508 cum
1377 1463 1500 1524 aequa-

251 1577 281 1611 10
294 1550 432 1624 bilitate,
458 1549 537 1630 quid
565 1569 639 1612 cum
667 1549 737 1612 eius
762 1549 853 1612 modi
878 1549 989 1631 aliquo
1016 1550 1123 1614 officio
1153 1551 1189 1628 is,
1218 1549 1275 1630 qui
1301 1548 1500 1622 laudabitur,

295 1652 426 1730 fecent3
450 1653 596 1734 itemque
619 1653 652 1714 in
675 1652 790 1716 ceteris
813 1672 870 1716 res,
887 1663 1000 1735 gestae
1017 1653 1060 1716 ad
1080 1655 1236 1734 cuiusque
1249 1652 1379 1716 virtutis
1395 1671 1501 1733 genus

296 1766 329 1820 et
354 1757 422 1819 vim
447 1766 480 1819 et
505 1777 625 1820 nornen
652 1757 1007 1820 adcommodabuntur.
1064 1756 1262 1822 Gratissima
1285 1765 1400 1822 autern
1427 1755 1500 1820 laus
1512 1763 1554 1808 ³4⁰

295 1880 409 1923 eorum
425 1859 585 1923 factorum
602 1860 750 1936 habetur,
766 1880 852 1941 quae
875 1871 1029 1942 suscepta
1046 1861 1200 1924 videntur
1220 1880 1240 1923 a
1262 1860 1338 1922 viris
1357 1858 1500 1922 sortibus

295 1963 364 2026 sine
387 1962 613 2027 emolumento
636 1984 674 2026 ac
697 1965 865 2045 praemio;
893 1984 978 2048 quae
1000 1975 1078 2028 vero
1102 1965 1203 2030 ctiam
1225 1983 1300 2027 cum
1323 1962 1439 2026 labore
1462 1982 1501 2026 ac

250 2093 279 2149 r=5
294 2067 439 2149 periculo
455 2067 610 2148 ipsorum,
627 2067 708 2130 haec
724 2067 849 2133 habent
865 2067 1062 2130 uberrimam
1079 2067 1209 2149 copiam
1224 2068 1267 2130 ad
1284 2065 1499 2138 laudandum,

295 2170 385 2252 quod
410 2180 443 2233 et
473 2171 537 2234 dici
561 2171 767 2234 ornatissime
796 2180 935 2253 possunt
961 2180 995 2234 et
1018 2171 1123 2237 audiri
1147 2168 1322 2247 facillime;
1346 2190 1385 2234 ea
1408 2169 1499 2232 enim

296 2274 438 2355 denique
449 2273 553 2338 virtus
565 2294 637 2337 esse
647 2275 777 2338 videtur
789 2276 986 2356 praestantis
997 2275 1066 2357 viri,
1078 2285 1164 2356 quae
1178 2283 1228 2338 est
1237 2273 1403 2344 fructuosa
1413 2272 1498 2345 aliis

296 2378 358 2460 ipsi
370 2386 427 2440 aut
443 2377 606 2441 laboriosa
621 2387 678 2441 aut
694 2377 879 2459 periculosa
887 2387 944 2442 aut
956 2387 1044 2444 certe
1055 2380 1209 2459 gratuita.
1256 2378 1379 2458 Magna
1390 2378 1499 2442 ¹etiam

296 2481 352 2544 illa
367 2481 439 2545 laus
454 2491 487 2544 et
508 2480 709 2544 admirabilis
731 2482 833 2545 videri
856 2482 941 2546 solet
960 2483 1074 2546 tulisse
1093 2502 1186 2545 casus
1202 2481 1367 2562 sapienter
1381 2481 1499 2544 adver-

251 2611 281 2646 20
295 2605 357 2660 sos,
374 2604 439 2647 non
456 2584 595 2648 fractum
613 2604 684 2646 esse
699 2584 838 2659 fortuna,
856 2587 1028 2650 retinuisse
1044 2586 1077 2649 in
1092 2587 1195 2651 rebus
1216 2585 1340 2667 asperis
1355 2583 1499 2665 dignita·

294 2696 363 2750 tem
375 2711 384 2764 3
404 2707 511 2768 neque
525 2697 637 2750 tamen
653 2686 709 2750 illa
722 2708 787 2750 non
799 2699 927 2764 ornant,
943 2689 1048 2753 habiti
1060 2689 1209 2766 honores,
1223 2690 1354 2756 decreta
1366 2687 1500 2752 virtutis
1512 2697 1553 2743 347

294 2791 450 2872 praemia,
477 2811 528 2854 res
553 2801 669 2872 gestae
684 2791 818 2855 iudiciis
841 2793 1014 2856 hominum
1036 2794 1290 2875 comprobataet
1321 2791 1499 2872 inquibus

275 2886 395 2958 =etiam
416 2893 607 2960 felicitatem
619 2896 736 2977 ipsam
760 2898 897 2960 deorum
917 2897 1153 2959 immortalium
1173 2895 1293 2960 iudicio
1314 2895 1411 2958 tribui
1427 2894 1499 2956 lau·
1591 2915 1592 2918 ¹

295 2998 438 3062 dationis
471 3007 530 3062 est.
590 2997 780 3062 Sumendae
811 3009 1015 3080 autempres.
1046 3009 1142 3064 erunt
1179 3008 1237 3064 aut
1267 2998 1499 3078 magnitudine

251 3136 279 3185 ²5
295 3101 511 3184 praestabiles
537 3112 594 3166 aut
624 3104 773 3168 novitate
802 3105 927 3186 primae
952 3113 1011 3168 aut
1040 3123 1160 3186 genere
1190 3103 1261 3184 ipso
1291 3101 1497 3182 singulares3

296 3226 403 3287 neque
425 3207 512 3268 enim
536 3227 667 3288 parvae
680 3227 790 3289 neque
813 3209 954 3272 usitatae
976 3228 1084 3288 neque
1105 3207 1256 3288 volgares
1277 3205 1498 3269 admiratione

295 3317 354 3371 aut
374 3309 510 3372 omnino
533 3308 632 3373 laude
655 3309 774 3391 dignae
796 3311 899 3374 videri
922 3311 1037 3390 solent.
1084 3311 1146 3374 Est
1169 3310 1270 3374 etiam
1286 3330 1360 3373 cum
1376 3309 1497 3372 ceteris
1509 3324 1552 3369 34⁸
1591 3331 1592 3344 ¹

296 3413 539 3494 praestantibus
555 3413 631 3475 viris
646 3415 851 3495 comparatio
862 3416 901 3506 in
916 3415 1107 3479 laudatione
1129 3414 1305 3497 praeclara.
1352 3413 1406 3476 De
1427 3432 1497 3494 quo

295 3571 468 3636 μεγαλοψυχία
484 3572 513 3622 of
526 3573 570 3622 Ar.
588 3573 646 3624 Eth.
663 3574 721 3624 Nic.
738 3574 770 3624 iv.
787 3587 809 3636 3.
825 3574 870 3624 16:
921 3576 1015 3626 treated
1027 3576 1089 3626 with
1100 3577 1187 3642 regard
1203 3583 1230 3625 to
1241 3576 1283 3625 the
1299 3576 1431 3633 character,
1445 3575 1495 3639 sig-

296 3654 335 3703 cp.
349 3645 362 3698 ς
377 3651 405 3701 15
418 3636 482 3687 rivos
491 3636 539 3702 γὰρ
551 3637 622 3688 ἕνεκα
633 3638 714 3703 πράξει
723 3639 815 3702 αἰσχρά
825 3641 868 3704 [se.
919 3641 1046 3700 nificance,
1057 3641 1105 3692 and
1117 3658 1190 3691 name
1198 3641 1228 3691 os
1234 3641 1276 3691 the
1286 3640 1379 3690 several
1387 3639 1489 3689 virtues.

295 3705 308 3752 d
324 3702 518 3768 μεγαλόψυχος],
530 3700 551 3766 qi
565 3703 635 3753 οὐθὲν
649 3705 727 3768 plysn
745 3707 794 3756 and
812 3710 824 3765 §
839 3721 869 3774 ²3
920 3707 986 3756 Part.
998 3707 1041 3758 Or.
1056 3722 1094 3769 ²3·
1111 3710 1141 3756 82
1155 3713 1224 3756 ‘tum
1241 3723 1305 3771 quae
1321 3707 1423 3771 quisque
1440 3721 1495 3754 sen·

294 3767 393 3832 ἅφειδὴς
409 3769 454 3817 τοῦ
464 3768 527 3827 βίον,
543 3770 574 3818 o‘rs
591 3771 634 3820 οὐκ
644 3769 712 3833 ἄξιον
732 3769 761 3819 δν
776 3769 870 3821 πάντως
919 3773 985 3828 serit,
994 3772 1089 3833 dixerit,
1099 3773 1202 3836 gesserit
1209 3770 1355 3835 adea‘quae
1364 3771 1497 3835 proposita

297 3833 348 3896 ζῆν.
920 3844 983 3893 sunt,
995 3838 1113 3886 virtutum
1124 3853 1213 3901 genera
1226 3835 1496 3900 accommodabuntur·

330 3913 351 3950 a.
380 3902 566 3950 iucunditatis
602 3904 704 3962 minus,
744 3903 870 3965 naturally
955 3901 993 3951 16.
1006 3905 1147 3963 facillimo,
1163 3903 1238 3952 ‘with
1249 3903 1291 3952 the
1299 3901 1497 3968 greatestreadb
1591 3933 1592 3938 ,

207 3956 219 3975 ⁰
295 3965 400 4028 enough,
414 3965 427 4012 d
443 3963 491 4027 γὰρ
504 3965 677 4029 μεγαλόψυχος
692 3966 783 4016 δικαίως
797 3985 870 4016 κατα·
919 3970 991 4018 nass!

295 4030 387 4092 φρονεῖ.
421 4031 465 4079 Ar.
478 4030 600 4088 l.e.§21.
955 4044 993 4098 17.
1010 4032 1238 4098 denique,§146,
1253 4047 1309 4097 315.

329 4111 353 4159 9.
370 4109 435 4144 oum
451 4097 750 4154 saquebffitate,‘with
765 4115 781 4146 a
798 4113 869 4148 sense
955 4111 993 4149 21.
1010 4101 1125 4156 virtutis
1153 4102 1291 4155 praemia:
1315 4099 1357 4146 the
1384 4098 1493 4162 genitive

296 4160 326 4210 os
345 4157 476 4209 lairuesst’
504 4159 553 4230 Ell.
576 4161 668 4224 rightly
685 4162 798 4226 explains
815 4170 870 4212 ‘ex·
920 4179 977 4226 may
994 4165 1026 4213 be
1044 4165 1102 4214 well
1118 4164 1253 4214 defended:
1278 4180 1316 4228 cp.
1333 4163 1369 4212 iii.
1389 4174 1428 4225 27.
1446 4177 1492 4224 104
1591 4199 1592 4224 ,

296 4226 439 4291 plicandum
451 4230 487 4275 est
499 4225 588 4289 quibus
596 4227 677 4275 modis
689 4243 742 4276 sese
754 4229 869 4278 omnibus
921 4230 1050 4278 ‘omnibus
1071 4230 1106 4278 eis
1123 4229 1194 4285 locis,
1214 4245 1276 4294 quos
1296 4229 1328 4278 ad
1346 4228 1421 4276 fidem
1438 4231 1497 4276 ora-'

296 4293 453 4356 aequabilem
486 4291 640 4355 praestiterit,
669 4292 732 4340 nihil
760 4309 869 4358 unquam
920 4294 995 4343 tionis
1006 4295 1145 4344 faciendam
1156 4295 1268 4344 adhiberi
1280 4295 1342 4343 dixit
1352 4294 1496 4354 Antonius’,
1591 4335 1592 4352 ,

296 4357 391 4422 gratiae
409 4357 552 4422 divitiisque
573 4357 692 4417 tribuerit,
716 4358 759 4408 sed
782 4375 869 4408 omnes
919 4359 957 4409 Ol
966 4376 1051 4410 course
1063 4360 1105 4410 the
1114 4361 1197 4410 dative
1209 4360 1343 4410 couldalso
1354 4358 1419 4408 have
1431 4359 1491 4407 been
1591 4363 1592 4382 ¹

296 4423 383 4472 eadem
395 4423 455 4472 iuris
464 4423 609 4473 condicione
616 4439 669 4473 esse
676 4424 868 4474 existimaverit!
919 4426 990 4483 used,
1006 4426 1051 4474 but
1070 4427 1090 4474 it
1111 4425 1132 4474 is
1154 4433 1198 4476 not
1216 4441 1351 4489 necessary,
1372 4439 1400 4472 as
1423 4439 1492 4473 some
1591 4447 1592 4452 ¹

331 4495 378 4538 10.'
387 4492 494 4548 aliquo:
513 4505 553 4553 cp.
564 4497 623 4539 note
634 4506 666 4538 on
680 4495 691 4548 ξ
707 4499 744 4552 17.
918 4491 982 4540 have
993 4491 1109 4555 thought.
1437 4491 1439 4498 '

332 4566 370 4601 11.
386 4557 519 4615 itemque,
532 4562 578 4604 ete.
602 4556 674 4604 ‘And
685 4572 713 4605 so
725 4556 750 4604 in
758 4555 868 4620 praising
952 4572 990 4618 ²4·
1011 4559 1174 4620 Sumendae,
1193 4561 1249 4608 ‘are
1261 4562 1287 4606 to
1298 4556 1330 4606 be
1346 4553 1452 4606 chosen’
1465 4562 1491 4602 to

297 4619 339 4670 the
351 4620 421 4670 other
432 4621 530 4680 virtues,
540 4638 555 4672 a
566 4621 645 4672 man's
656 4621 750 4673 actions
761 4631 827 4671 must
836 4623 867 4672 be
917 4622 992 4674 dwell
1003 4638 1079 4688 upon.
