3286 5036
263 417 327 502 33⁶
597 417 650 481 M.
679 415 853 483 TULLII
875 414 1141 518 CICERONIS

263 609 398 689 inquam
415 611 454 671 ‘a
470 617 565 689 porta
588 607 762 690 Esquilina
777 609 874 672 video
888 609 1002 672 villam
1022 607 1136 683 tuam,’
1152 618 1188 673 ut
1207 607 1289 672 illud
1312 607 1464 686 Nasicae,

263 713 320 795 qui
344 733 419 776 cum
446 713 489 776 ad
514 719 648 795 poetam
670 714 816 777 Ennium
836 715 979 778 venisset
1000 716 1096 796 eique
1119 715 1161 778 ab
1185 716 1269 778 ostio
1292 715 1465 796 quaerenti

265 817 410 879 Ennium
439 817 558 880 ancilla
588 817 728 881 dixisset
760 819 851 881 domi
881 837 948 881 non
978 839 1058 896 esse,
1088 817 1210 881 Nasica
1239 819 1342 881 sensit
1371 817 1465 879 illam

265 921 391 984 domini
408 921 496 984 iussu
512 923 637 985 dixisse
653 931 686 985 et
702 921 793 985 illum
810 923 899 986 intus
920 943 1011 998 esse3
1035 923 1149 1004 paucis
1164 931 1240 1004 post
1256 921 1373 984 diebus
1389 941 1466 984 cum

237 1041 250 1088 5
265 1026 308 1087 ad
325 1025 482 1087 Nasicam
497 1026 640 1088 venisset
656 1025 783 1088 Ennius
803 1035 836 1089 et
860 1047 935 1089 eum
951 1047 972 1089 a
987 1027 1085 1089 ianua
1101 1033 1281 1107 quaereret,
1297 1024 1467 1088 exclamat

266 1129 389 1191 Nasica
405 1149 440 1191 se
455 1129 546 1191 domi
563 1149 629 1191 non
649 1149 729 1207 esse,
745 1139 817 1193 tum
834 1129 962 1192 Ennius
979 1127 1101 1211 ‘quidi
1125 1150 1188 1210 ego
1204 1148 1270 1192 non
1285 1122 1467 1210 cognosco’

265 1232 372 1313 inquit
389 1238 526 1294 ‘vocem
542 1241 634 1294 tuam
644 1230 674 1292 ?’
697 1232 750 1296 hic
767 1233 889 1296 Nasica
905 1234 1026 1296 ‘homo
1041 1253 1077 1296 es
1092 1232 1289 1313 impudens:
1312 1252 1374 1312 ego
1390 1250 1467 1295 cum

266 1345 300 1398 te
325 1355 524 1416 quaererem,
545 1335 684 1399 ancillae
710 1345 788 1400 tuae
811 1336 935 1400 credidi
958 1346 992 1399 te
1015 1336 1106 1399 domi
1131 1356 1197 1399 non
1222 1355 1302 1413 esse,
1325 1345 1361 1397 tu
1386 1334 1467 1396 mihi

267 1459 332 1502 non
349 1441 455 1502 credis
475 1437 575 1520 ipsi?'
607 1440 669 1504 Est
687 1440 812 1504 bellum
835 1441 915 1503 illud
933 1460 1075 1521 quoque,
1092 1461 1136 1502 ex
1158 1460 1224 1520 quo
1245 1439 1281 1516 is,
1299 1439 1355 1520 qui
1371 1439 1469 1515 dixit,
1483 1447 1540 1494 2⁷⁷

224 1565 254 1600 10
267 1542 426 1606 inridetur
441 1544 473 1604 in
489 1564 528 1606 eo
550 1543 621 1625 ipso
639 1564 768 1626 genere,
784 1565 850 1626 quo
871 1545 958 1607 dixit
972 1569 980 1621 ;
1003 1553 1049 1621 ut,
1065 1563 1140 1608 cum
1157 1543 1200 1625 Q.
1218 1542 1373 1624 Opimius
1390 1562 1469 1605 con-

268 1647 391 1725 sularis,
407 1648 463 1729 qui
486 1646 753 1710 adulescentulus
775 1647 861 1710 male
883 1649 1039 1721 audisset,
1056 1646 1174 1710 festivo
1197 1645 1323 1708 homini
1347 1646 1469 1726 Egilio,

269 1751 325 1831 qui
347 1752 512 1814 videretur
534 1751 665 1814 mollior
686 1770 747 1815 nec
770 1761 864 1826 esset,
889 1751 1029 1814 dixisset
1052 1751 1151 1831 ‘quid
1175 1760 1220 1828 tu,
1240 1750 1350 1832 Egilia
1373 1747 1470 1812 mea?

269 1854 404 1936 quando
425 1855 467 1917 ad
490 1874 543 1916 me
557 1855 649 1917 venis
668 1875 743 1918 cum
765 1864 824 1918 tua
844 1855 918 1918 colu
942 1864 975 1917 et
998 1852 1113 1917 lanai'
1148 1853 1247 1916 ‘Non
1266 1851 1341 1936 pol'
1361 1854 1470 1935 inquit

270 1962 500 2035 ‘audeonam
517 1982 570 2024 me
586 1962 629 2026 ad
645 1962 789 2026 famosas
804 1964 910 2026 vetuit
934 1972 1040 2025 mater
1055 1958 1233 2025 accedere.’
1279 1959 1376 2025 Salsa
1391 1970 1469 2024 sunt
1485 1961 1543 2026 69
1629 2009 1630 2030 η

226 2083 255 2134 ¹5
272 2067 381 2141 etiam,
409 2086 494 2147 quae
524 2064 650 2128 habent
679 2067 899 2148 suspicionem
927 2066 1054 2129 ridiculi
1079 2065 1319 2140 absconditam,
1344 2085 1409 2146 quo
1436 2063 1470 2125 in

269 2189 390 2252 genere
415 2179 465 2232 est
492 2167 593 2233 Siculi
617 2168 707 2243 illud,
735 2170 796 2244 cui,
824 2190 897 2234 cum
925 2169 1095 2232 familiaris
1119 2168 1255 2250 quidam
1282 2175 1472 2249 quereretur

272 2273 361 2355 quod
384 2273 508 2336 diceret
531 2292 670 2336 uxorem
693 2293 788 2336 suam
811 2275 1022 2354 suspendisse
1044 2293 1079 2336 se
1102 2273 1145 2336 de
1168 2272 1240 2350 ficu,
1258 2271 1399 2335 ‘amabo
1417 2266 1472 2348 te‚’

272 2377 378 2458 inquit
394 2376 457 2438 ‘da
474 2375 554 2438 mihi
570 2397 614 2439 ex
629 2376 693 2438 ista
716 2377 833 2440 arbore
853 2397 937 2458 quos
960 2396 1065 2440 seram
1085 2373 1252 2439 surculos'
1297 2376 1336 2438 In
1353 2377 1470 2439 eodem

271 2500 390 2564 genere
413 2489 472 2558 est,
488 2480 577 2560 quod
602 2477 740 2544 Catulus
763 2481 850 2544 dixit
873 2481 1004 2543 cuidam
1031 2480 1153 2543 oratori
1178 2478 1286 2543 malo:
1313 2481 1370 2561 qui
1395 2500 1471 2543 cum

228 2605 259 2641 20
273 2588 305 2648 in
322 2583 455 2666 epilogo
471 2584 727 2646 misericordiam
749 2604 785 2647 se
808 2584 951 2646 movisse
973 2592 1112 2665 putaret,
1128 2593 1305 2666 postquam
1328 2582 1470 2656 adsedit,

273 2687 400 2770 rogavit
426 2686 513 2750 hunc
540 2685 747 2749 videreturne
772 2687 1029 2751 misericordiam
1057 2688 1207 2763 movisse,
1230 2690 1287 2750 ‘ac
1314 2706 1470 2768 magnam

274 2786 551 2874 quidem,’inquit
571 2789 761 2853 ‘neminem
785 2791 873 2854 enim
896 2801 978 2872 puto
1002 2810 1072 2854 esse
1095 2800 1165 2853 tam
1187 2790 1315 2866 durum,
1331 2791 1383 2853 cui
1405 2811 1471 2853 non

273 2896 379 2958 oratio
405 2902 463 2958 tua
488 2894 674 2957 miseranda
695 2894 765 2957 visa
791 2893 854 2958 sit!
899 2893 956 2957 Me
979 2894 1116 2976 quidem
1139 2892 1271 2957 hercule
1294 2895 1394 2957 etiam
1417 2893 1473 2958 illa
1488 2903 1547 2950 279

309 3055 330 3088 1.
347 3042 443 3089 villam
454 3043 543 3097 tuam,
556 3043 568 3099 ξ
583 3037 638 3100 263.
898 3055 923 3103 p.
946 3052 977 3102 ²4
996 3038 1115 3100 (Hales):
1142 3039 1235 3088 ‘What
1257 3054 1325 3087 more
1352 3039 1474 3088 nationall

307 3109 437 3161 Nasicae,
455 3104 579 3169 probably
596 3104 638 3153 the
658 3104 745 3154 consul
764 3104 847 3154 oiac.
898 3104 1048 3168 corruption,
1069 3103 1109 3152 for
1130 3104 1213 3154 which
1236 3105 1331 3153 Britain
1351 3105 1422 3153 hears
1445 3104 1474 3152 ill

276 3187 319 3236 191
333 3171 394 3220 with
407 3171 451 3219 Μ’.
463 3170 559 3219 Acilius
572 3169 686 3220 Glabrio.
898 3170 1000 3228 abroad,
1012 3169 1070 3218 then
1082 3169 1207 3218 houshold
1218 3168 1349 3234 gluttony'
1359 3170 1421 3220 with
1433 3170 1474 3220 the

310 3253 330 3287 u.
350 3240 385 3286 ab
409 3239 492 3293 ostio,
514 3243 555 3285 ‘at
575 3235 617 3283 the
639 3236 718 3295 door,'
741 3236 847 3300 Robys
899 3235 1000 3284 editor’s
1011 3242 1078 3284 note.

278 3303 348 3365 1813.
369 3301 423 3350 The
431 3304 573 3349 ustiumwas
581 3300 849 3364 practicallyidentical
934 3315 971 3350 12.
990 3304 1133 3356 Quidtut’
1157 3299 1311 3363 ‘harkyou'

274 3369 337 3416 with
354 3366 396 3416 the
412 3369 500 3421 lanum
517 3366 563 3415 but
575 3382 626 3414 was
643 3373 686 3414 not
702 3366 806 3426 limited,
821 3382 849 3414 as
934 3379 972 3428 15.
983 3369 1170 3422 suspicionem
1191 3369 1306 3414 ridiculi
1328 3369 1474 3416 abscondi-

276 3434 318 3482 the
339 3433 414 3480 latter
435 3447 494 3491 was,
517 3439 544 3480 to
572 3431 614 3480 the
641 3432 708 3480 main
735 3438 850 3480 entrance
900 3438 973 3481 tam:
997 3431 1054 3479 ‘the
1073 3431 1215 3495 suggestion
1232 3431 1261 3480 of
1275 3448 1289 3480 a
1302 3431 1362 3494 johe
1378 3441 1423 3481 not
1440 3449 1473 3482 on

277 3498 388 3558 (Becker,
402 3497 480 3546 Galli
491 3495 594 3558 11186).
621 3498 707 3545 Hence
716 3512 761 3545 our
772 3495 849 3554 uther,
900 3497 943 3546 the
963 3495 1073 3552 suriace‚'
1093 3497 1154 3545 with
1172 3514 1187 3546 a
1204 3496 1265 3544 kind
1282 3498 1312 3546 of
1325 3497 1473 3562 hypallage:

276 3564 384 3628 through
392 3562 555 3611 larissierlrom
563 3563 679 3609 ostiarius:
692 3561 850 3626 chrachet,
900 3579 939 3626 cp.
954 3567 966 3622 §
979 3561 1012 3622 64
1021 3564 1208 3611 ‘sententiarum
1216 3562 1354 3612 forensibus
1363 3564 1474 3624 aculeis,'

277 3631 318 3680 Et.
332 3631 392 3678 Dict
411 3646 430 3677 s.
439 3645 463 3678 v.
489 3627 543 3676 The
546 3631 612 3688 fores
622 3626 717 3676 formed
728 3627 770 3676 the
782 3628 850 3676 irmer
901 3628 978 3678 andi.
991 3641 1012 3690 3.
1027 3641 1054 3675 11
1067 3644 1072 3685 ;
1089 3643 1129 3691 4²·
1144 3641 1197 3692 199.

278 3697 340 3745 door
361 3695 390 3742 ol
404 3694 446 3742 the
463 3694 593 3743 vestibule.
627 3693 675 3757 Cp.
693 3693 774 3743 Plaut.
793 3693 850 3742 Mil.
936 3703 974 3755 17.
996 3696 1073 3750 quod
1099 3697 1215 3752 diceret,
1244 3694 1372 3752 ‘because
1393 3709 1421 3743 as
1442 3695 1475 3746 he

278 3762 339 3809 with
352 3757 470 3824 Tyrrell's
480 3766 545 3808 note.
901 3757 978 3807 said:'
999 3758 1081 3820 Roby,
1095 3765 1108 3818 5
1123 3757 1194 3820 1746.

313 3841 350 3874 10.
367 3827 508 3872 inridetur
519 3826 550 3872 in
561 3827 663 3882 eoipso
672 3838 783 3882 genere,
795 3840 852 3881 quo
935 3827 1036 3873 amabo
1061 3830 1098 3879 te,
1127 3827 1164 3872 da
1189 3827 1269 3881 mihi,
1295 3825 1322 3872 ‘l
1351 3823 1417 3874 shall
1444 3826 1476 3875 be

279 3894 361 3947 dixit,
375 3893 442 3953 ‘gets
454 3891 484 3938 tit
496 3888 598 3938 fortat’
902 3889 976 3938 much
996 3889 1098 3954 obliged
1116 3889 1138 3937 it
1152 3905 1202 3952 you
1224 3889 1275 3938 will
1296 3891 1353 3954 give
1373 3888 1429 3946 me,’
1450 3907 1479 3939 or

313 3953 855 4014 Q.0pimius,consulins.c.154‚satherol
903 3964 979 4018 ‘pray
996 3954 1030 4003 do
1041 3959 1097 4018 give
1114 3955 1181 4004 me:’
1199 3972 1214 4004 a
1231 3970 1274 4005 use
1291 3972 1349 4019 very
1360 3971 1477 4004 common

280 4021 322 4070 the
329 4035 416 4082 enemy
423 4019 452 4068 of
456 4019 485 4068 C.
493 4019 628 4068 Gracchus.
649 4020 755 4072 Nonius,
763 4036 788 4083 p.
797 4033 853 4081 305,
903 4021 929 4068 in
949 4020 1054 4068 Plautus
1073 4021 1122 4069 and
1142 4020 1258 4077 Terence,
1276 4021 1374 4085 though
1391 4022 1417 4069 in
1435 4022 1478 4072 the

280 4093 368 4150 quotes
380 4085 422 4132 the
435 4084 564 4147 following
575 4084 636 4133 lines
647 4084 676 4132 of
684 4085 808 4134 Lucilius:
903 4085 978 4134 latter
986 4085 1093 4134 without
1104 4097 1124 4132 re
1134 4087 1165 4146 (e.
1174 4101 1198 4149 g.
1207 4086 1269 4134 Eun.
1281 4100 1335 4147 130.
1346 4101 1399 4148 150,
1408 4089 1477 4152 etc.):

312 4150 436 4213 ‘Quintus
445 4149 562 4212 Opimius
572 4149 772 4214 ille,Jugurthini
785 4156 855 4214 pater
905 4153 930 4200 in
943 4151 1031 4199 Cicero
1043 4151 1101 4214 only
1112 4151 1138 4199 in
1150 4151 1192 4200 the
1204 4151 1321 4215 Epistles.

378 4215 451 4264 huius
769 4265 778 4276 ,
938 4231 969 4264 no
996 4219 1027 4263 in
1046 4221 1169 4273 epilogo:
1193 4232 1222 4264 so
1241 4217 1284 4267 Ar.
1301 4216 1374 4265 Rhet.
1392 4218 1429 4269 iii.
1449 4232 1480 4284 19

328 4282 361 4331 Et
383 4281 507 4329 formosus
528 4280 605 4328 homo
627 4279 674 4328 suit
693 4287 718 4330 et
737 4279 854 4338 famosus,
904 4282 958 4344 lays
970 4282 1043 4330 down
1055 4297 1082 4329 as
1094 4297 1142 4330 one
1154 4281 1183 4329 os
1190 4281 1233 4330 the
1250 4282 1306 4331 four
1319 4290 1388 4347 parts
1399 4284 1429 4331 ol
1436 4285 1480 4334 the

379 4353 510 4409 utrumque
906 4346 1018 4409 ἐπίλογος
1038 4349 1071 4394 εἰς
1087 4345 1118 4394 τὰ
1133 4345 1195 4409 πάθη
1210 4345 1254 4395 τὸν
1269 4347 1390 4408 ἀκροατὴν
1405 4366 1480 4397 κατα-

330 4412 415 4461 Primo
430 4412 580 4470 adulescens,
593 4411 719 4474 posterius
733 4410 792 4459 dare
807 4427 856 4460 rec·
906 4413 1002 4472 στῆσαι.
1036 4412 1084 4477 Cp.
1100 4412 1116 4460 i.
1133 4427 1174 4476 53.
1190 4423 1235 4473 ²²7
1254 4412 1271 4462 t'.
1305 4413 1391 4475 Quint.
1407 4415 1439 4465 iv.
1459 4429 1481 4464 1.

380 4479 429 4526 tius
440 4479 508 4526 sese'
908 4480 938 4526 28
948 4479 987 4526 ‘in
998 4477 1109 4542 ingressu
1123 4478 1220 4541 parcius
1229 4486 1253 4527 et
1264 4479 1399 4528 modestius
1411 4495 1482 4543 prae-

318 4547 439 4592 ramale
450 4545 583 4598 audisset,
596 4540 748 4590 ‘hadabad
760 4548 855 4606 reputa·
906 4543 1051 4605 temptanda
1070 4549 1107 4592 est
1135 4543 1223 4591 iudicis
1245 4543 1430 4602 misericordia;
1454 4547 1480 4595 in

285 4607 461 4658 tion'=uuxds
472 4606 579 4656 ὼιόυεινι
597 4623 637 4672 cp.
648 4607 749 4667 Milton,
762 4608 855 4672 Areop.
906 4607 1006 4672 epilogo
1015 4621 1075 4656 vero
1086 4607 1144 4657 licet
1152 4615 1220 4657 totos
1229 4607 1352 4659 effundere
1364 4609 1483 4662 effectus?

1484 2047 1544 2097 278
1629 2033 1630 2066 r
