3286 5036
563 428 635 492 oa
660 427 893 493 onerosa
915 427 966 492 Π.
1291 428 1354 513 369

154 639 213 684 nec
229 620 318 685 enim
333 627 367 684 te
383 619 447 684 ista
462 618 611 702 attigisse
626 618 816 697 arbitrabar,
828 638 913 700 quae
928 616 1178 701 diligentissime
1194 636 1354 702 cognosse

155 733 189 788 et
211 726 357 806 undique
380 723 562 806 conlegisse
584 742 711 804 usuque
737 723 875 786 doctum
898 723 1019 805 partim
1043 723 1224 786 correxisse
1244 723 1354 800 video,

85 846 140 891 aaa
155 831 276 910 partim
304 826 558 910 comprobasse3
597 847 705 908 neque
736 847 776 890 eo
807 828 914 890 minus
944 826 1167 910 eloquentiam
1198 835 1290 890 tuam
1321 836 1356 890 et

155 933 260 996 multo
285 933 392 1015 magis
414 933 569 996 virtutem
596 940 630 994 et
653 929 860 1011 diligentiam
882 931 1028 994 admiror
1049 939 1083 994 et
1103 930 1200 994 simul
1224 929 1355 1012 gaudeo

156 1037 313 1099 iudicium
336 1036 437 1099 animi
462 1035 526 1097 mei
550 1033 766 1116 comprobari,
793 1035 883 1115 quod
910 1054 1040 1116 semper
1063 1035 1164 1098 statui
1189 1034 1383 1097 neminem5

153 1141 337 1221 sapientiae
352 1139 484 1203 laudem
501 1147 535 1201 et
553 1137 761 1219 eloquentiae
781 1137 851 1200 sine
869 1158 1000 1201 summo
1015 1139 1125 1202 studio
1141 1147 1175 1201 et
1193 1138 1306 1201 labore
1321 1147 1357 1201 et

153 1245 304 1307 doctrina
327 1243 483 1324 consequi
506 1263 613 1324 posse.
660 1240 729 1305 Sed
753 1249 866 1304 tamen
887 1242 1047 1322 quidnam
1069 1252 1119 1306 est
1134 1242 1224 1324 quod
1240 1241 1355 1304 dixisti

154 1348 231 1426 fore,
254 1357 292 1412 ut
314 1348 374 1412 tibi
397 1349 649 1430 ignosceremus,
671 1346 698 1408 si
714 1365 957 1428 cognossemus‚
975 1365 1061 1426 quae
1076 1355 1111 1408 te
1125 1366 1224 1410 causa
1239 1346 1272 1407 in
1288 1364 1355 1408 ser-

155 1471 289 1515 monem
305 1448 513 1533 impulisset?
535 1468 621 1534 quae
642 1457 692 1511 est
713 1449 800 1511 enirn
819 1448 885 1512 alia
903 1468 1012 1524 causa,
1028 1449 1089 1511 nisi
1106 1449 1195 1530 quod
1212 1448 1307 1512 nobis
1322 1457 1356 1511 et

154 1556 272 1620 horum
310 1553 569 1619 adulescentium
610 1553 730 1630 studio,
767 1553 822 1633 qui
857 1560 892 1616 te
921 1553 1141 1616 attentissime
1170 1552 1355 1626 audierunt,
1371 1570 1402 1606 10

85 1674 280 1723 aoamorem
307 1679 421 1740 gerere
447 1653 621 1722 voluisti?’
658 1657 747 1720 Tum
773 1656 827 1719 ille
855 1653 1036 1720 ‘adimere'
1066 1656 1173 1737 inquit
1202 1663 1356 1719 ‘omnem

155 1763 396 1827 recusationem
425 1760 545 1825 Crasso
571 1759 669 1836 volui,
697 1780 797 1842 quem
824 1781 886 1842 ego
912 1759 1013 1842 paulo
1035 1769 1114 1823 ante
1136 1759 1281 1823 sciebam
1303 1758 1356 1822 vel

155 1867 332 1950 pudentius
358 1866 410 1930 vel
435 1865 577 1940 invitiuS,
603 1864 679 1928 nolo
704 1864 791 1928 enim
819 1865 928 1927 dicere
950 1864 993 1926 de
1015 1872 1085 1927 tam
1108 1864 1200 1926 suavi
1221 1861 1357 1926 homine

156 1970 365 2045 fastidiosius,
382 1970 504 2033 adhoc
522 1989 626 2051 genus
643 1969 802 2032 sermonis
817 1968 998 2031 accedere..
1024 1967 1114 2050 Quid
1131 1969 1217 2030 enim
1234 1969 1357 2050 poterit

156 2073 290 2138 dicere?
322 2073 528 2138 consularem
563 2093 599 2136 se
629 2093 701 2136 esse
731 2071 900 2136 hominem
931 2080 965 2136 et
1002 2069 1206 2135 censorium?
1238 2073 1357 2136 eadem
1373 2095 1401 2145 15

156 2188 269 2242 nostra
290 2198 389 2242 causa
412 2186 471 2242 est.
516 2177 573 2239 An
594 2185 739 2240 aetatem
761 2174 912 2239 adferet?
936 2176 1151 2257 quadriennio
1168 2177 1275 2239 minor
1295 2185 1356 2240 est.

155 2283 214 2346 An
238 2303 274 2345 se
294 2281 377 2345 haec
401 2278 549 2346 nescire?
572 2301 656 2363 quae
680 2302 741 2363 ego
765 2301 846 2355 sero,
863 2301 955 2361 quae
977 2281 1096 2344 cursim
1119 2281 1256 2363 adripui,
1273 2300 1358 2361 quae
1457 2366 1458 2370 Ἰ

156 2387 327 2451 subsicivis
343 2385 462 2468 operis,
485 2393 522 2450 ut
542 2387 643 2462 aiunt,
664 2385 726 2450 iste
749 2405 770 2448 a
792 2405 904 2467 puero,
928 2405 1060 2448 summo
1082 2385 1202 2463 studio,
1218 2386 1358 2447 summis

156 2491 366 2554 doctoribus
399 2488 491 2552 Nihil
515 2491 623 2554 dicam
644 2491 688 2553 de
710 2490 852 2571 ingenio,
869 2489 921 2552 cui
941 2509 1003 2572 par
1017 2509 1114 2552 nemo
1129 2488 1209 2552 fuit:
1234 2489 1357 2552 etenim

105 2637 106 2640 κ
157 2615 211 2657 me
232 2595 398 2658 dicentem
418 2595 473 2675 qui
495 2595 633 2669 audiret,
653 2614 926 2680 nemo-umquam
946 2604 1015 2658 tam
1032 2595 1082 2656 sui
1097 2593 1280 2676 despiciens
1296 2593 1357 2656 luit
1373 2617 1403 2654 20

156 2698 236 2780 quin
266 2706 413 2780 speraret
442 2708 501 2761 aut
531 2698 647 2761 melius
677 2708 735 2762 aut
766 2699 884 2760 eodem
914 2698 1016 2761 modo
1042 2719 1079 2760 se
1104 2717 1203 2779 posse
1225 2699 1357 2777 dicere3

157 2801 277 2865 Crasso
303 2803 435 2865 dicente
458 2822 557 2866 nemo
583 2811 654 2866 tam
681 2804 855 2883 adrogans,
882 2802 939 2883 qui
966 2801 1117 2864 similiter
1139 2822 1175 2864 se
1197 2819 1357 2883 umquam

157 2905 322 2968 dicturum
339 2926 410 2969 esse
425 2906 614 2970 confideret.
659 2905 771 2988 Quam
788 2906 832 2969 ob
854 2926 923 2968 rem
947 2926 989 2968 ne
1009 2905 1129 2968 frustra
1143 2905 1179 2970 hi
1194 2905 1278 2969 tales
1293 2907 1354 2970 viri

156 3010 313 3086 venerint,
329 3018 362 3072 te
377 3008 564 3090 aliquand0,
579 3008 706 3085 Crasse,
722 3006 915 3073 audiamus!
1013 3073 1014 3076 ,

82 3121 141 3188 90
200 3112 290 3175 Tum
312 3112 367 3176 ille
391 3118 447 3176 ‘ut
471 3114 518 3176 ita
544 3134 616 3177 esse
640 3109 839 3190 concedam,’
853 3111 969 3194 „inquit
992 3110 1149 3186 ‘Antoni
1174 3133 1261 3194 quae
1281 3123 1359 3178 sunt
1373 3140 1402 3190 25

85 3208 142 3253 ³⁶5
156 3216 255 3298 longe
277 3238 380 3291 secus,
402 3218 482 3298 quid
506 3216 585 3279 mihi
609 3218 745 3286 tandem
765 3215 866 3280 hodie
880 3225 939 3279 aut
954 3217 1108 3298 cuiquam
1125 3217 1252 3280 homini
1267 3217 1358 3299 quod

155 3321 221 3384 dici
237 3321 341 3402 possit
357 3320 539 3402 reliquisti?
558 3322 667 3385 dicam
688 3321 776 3384 enim
790 3341 875 3398 vere,
891 3321 1079 3384 amicissimi
1094 3321 1253 3398 homines,
1268 3321 1358 3403 quod

157 3425 283 3487 sentio:
308 3444 408 3506 saepe
431 3445 493 3506 ego
516 3425 633 3489 doctos
654 3423 815 3502 homines,
834 3424 913 3507 quid
929 3425 1004 3488 dico
1020 3422 1143 3506 saepe?
1166 3425 1269 3487 immo
1292 3445 1359 3487 non

158 3547 355 3608 numquam3
372 3549 472 3610 saepe
484 3530 571 3592 enim
583 3529 640 3610 qui
652 3529 755 3610 potui,
768 3528 824 3610 qui
837 3549 918 3610 puer
930 3529 963 3591 in
975 3527 1082 3591 iorum
1092 3528 1236 3590 venerim
1250 3548 1358 3609 neque

156 3632 234 3695 inde
249 3653 406 3714 umquam
422 3632 546 3696 diutius
561 3652 662 3713 quam
678 3642 831 3714 quaestor
847 3630 1008 3696 afuerim?
1031 3634 1090 3695 sed
1106 3641 1219 3696 tamen
1235 3631 1359 3709 audivi,
1374 3653 1405 3703 30

157 3745 195 3799 ut
216 3734 286 3798 heri
308 3735 469 3813 dicebam,
493 3744 526 3799 et
549 3736 694 3800 Athenis
717 3756 792 3800 cum
813 3756 930 3813 essem,
946 3735 1157 3800 doctissimos
1171 3723 1258 3799 viros
1276 3744 1310 3800 et
1326 3735 1360 3798 in

193 3900 214 3935 1.
232 3889 373 3944 attigisse:
391 3887 407 3938 i.
422 3887 461 3938 18.
474 3890 513 3937 82.
820 3890 859 3938 18.
870 3890 1021 3938 subsicivis
1034 3891 1135 3948 operis,
1144 3890 1190 3951 ‘by
1201 3887 1243 3938 the
1250 3886 1361 3953 employ-

189 3969 215 4014 4.
232 3956 378 4013 virtutem,
391 3953 509 4017 ‘energy’
785 3961 853 4003 ment
879 3954 909 4003 oi
933 3969 976 4016 my
1001 3954 1199 4004 leisure·hours:’
1225 3957 1361 4004 subsicivum

193 4031 215 4080 5.
232 4021 370 4068 iudicium
379 4021 468 4067 enimi
476 4021 541 4078 mei,
549 4024 603 4082 ‘my
612 4018 735 4083 prosound
784 4026 869 4068 meant
880 4019 987 4083 literally
998 4037 1014 4069 a
1024 4021 1062 4068 bit
1074 4021 1104 4069 ot'
1115 4020 1174 4069 land
1186 4019 1231 4070 lest
1242 4037 1300 4071 over
1311 4020 1362 4068 and

159 4083 316 4134 conviction!
786 4085 946 4135 aboveinthe
954 4086 1094 4150 measuring
1102 4086 1131 4134 ol
1135 4086 1359 4150 theagrimensores,

192 4163 303 4206 semper
336 4151 439 4199 statui:
467 4149 571 4199 Catulus
601 4149 667 4204 here.
708 4165 735 4198 as
786 4150 1098 4201 hence‘oddsandends.’
1122 4182 1123 4188 =

160 4215 264 4264 Crassus
284 4214 426 4278 repeatedly
443 4215 469 4264 in
490 4215 561 4265 Book
573 4216 595 4272 1,
610 4231 736 4279 expresses
819 4219 882 4274 iste,
895 4232 928 4266 sc.
941 4216 1036 4273 didicit,
1047 4216 1163 4281 supplied
1179 4217 1213 4279 by
1227 4233 1243 4266 a
1255 4231 1361 4280 zeugma

160 4279 268 4329 Cioero's
279 4295 335 4329 own
346 4280 422 4329 view:
440 4281 456 4329 i.
471 4294 533 4342 2.5;
556 4294 579 4342 5.
596 4279 639 4336 t6;
657 4283 735 4338 6.2o;
786 4280 992 4346 from‘adripui.’
1036 4287 1039 4298 '

162 4347 201 4393 28.
216 4348 277 4403 128;
296 4358 335 4406 34.
350 4348 395 4408 158
408 4345 441 4403 ff,
454 4346 503 4394 and
514 4347 601 4401 above.
614 4352 627 4406 5
641 4361 664 4409 5.
821 4361 859 4411 ²4·
876 4351 1036 4407 aliquando,
1049 4352 1091 4396 ‘at
1102 4345 1152 4396 last
1160 4347 1178 4406 ;'
1190 4346 1257 4396 osten
1270 4347 1295 4395 in
1311 4345 1360 4395 this

195 4421 217 4470 7.
234 4414 372 4468 quidnam
398 4418 442 4460 est
470 4415 501 4461 id
523 4415 600 4470 quod
628 4414 735 4469 dixisti,
786 4427 855 4462 sense
866 4413 974 4477 coupled
985 4412 1046 4461 with
1057 4415 1157 4461 tandem.
1442 4426 1444 4431 ’

162 4475 246 4524 ‘what
257 4475 300 4524 did
312 4492 361 4538 you
371 4491 443 4525 mean
455 4478 489 4541 by
499 4474 601 4542 saying.’
820 4492 859 4541 29.
875 4481 907 4526 in
917 4481 1010 4527 forum
1021 4480 1163 4527 venerim:
1180 4492 1221 4542 cp.
1232 4475 1249 4526 i.
1263 4487 1300 4542 17.
1314 4478 1352 4542 78.

195 4553 234 4590 ιι.
251 4556 359 4591 morem
370 4557 482 4598 gerere:
501 4543 517 4591 i.
532 4557 570 4603 23.
585 4556 640 4608 105.
823 4556 862 4605 30.
874 4548 1021 4601 quaestor:
1041 4543 1135 4594 Introd.
1148 4559 1172 4608 p.
1182 4556 1220 4592 10.

197 4619 234 4669 13.
251 4609 420 4664 pudentius:
438 4608 454 4657 i.
465 4621 504 4657 21.
516 4620 556 4672 97.
823 4621 862 4676 31·
881 4611 959 4658 herl:
975 4609 992 4660 i.
1008 4621 1045 4660 11.
1056 4623 1098 4674 45.
