3286 5036
574 426 646 492 nn
670 425 903 494 aharons
923 427 973 492 rr.
1315 428 1377 510 285

110 611 163 678 42
223 615 317 680 Haec
333 633 510 698 properans
526 623 562 680 ut
578 624 612 681 et
627 617 716 699 apud
732 617 849 679 doctos
865 622 898 679 et
914 613 1115 679 semidoctus
1131 615 1201 698 ipse
1216 635 1377 698 percurro,

111 699 163 748 1⁷⁸
178 728 215 783 ut
230 721 406 801 aliquando
422 721 465 784 ad
481 719 538 784 illa
553 721 677 784 maiora
691 721 881 784 veniamus:
906 718 986 781 nihil
1003 728 1053 783 est
1074 721 1161 782 enirn
1177 719 1210 782 in
1227 720 1376 798 dicendo,

178 821 305 898 Catule,
323 825 435 902 maius,
455 842 554 905 quam
578 832 614 887 ut
632 823 740 886 faveat
758 824 878 886 oratori
897 822 932 899 is,
953 823 1008 904 qui
1032 821 1153 898 audiet,
1174 823 1287 904 utique
1308 823 1379 905 ipse

177 927 223 989 sic
246 936 425 1004 moveatur,
439 935 477 991 ut
499 928 625 1009 impetu
646 927 793 1009 quodam
816 927 917 990 animi
940 933 974 989 et
998 925 1245 1006 perturbatione
1264 927 1378 1010 magis,

177 1049 278 1111 quam
300 1030 421 1095 iudicio
441 1038 500 1094 aut
522 1031 658 1094 consilio
680 1038 832 1112 regatur:
863 1028 957 1110 plura
980 1029 1067 1091 enim
1093 1027 1197 1092 multo
1227 1029 1405 1106 homines5

176 1133 323 1197 iudicant
338 1134 415 1198 odio
430 1144 489 1199 aut
510 1154 623 1198 amore
641 1143 699 1198 aut
721 1132 902 1215 cupiditate
917 1140 975 1196 aut
995 1131 1163 1195 iracundia
1185 1142 1244 1196 aut
1264 1133 1379 1196 dolore

176 1245 234 1300 aut
250 1237 375 1301 laetitia
390 1248 448 1302 aut
468 1257 525 1319 spe
541 1245 599 1301 aut
619 1237 738 1300 timore
760 1245 819 1300 aut
839 1255 947 1298 errore
961 1244 1020 1298 aut
1042 1235 1153 1316 aliqua
1173 1238 1378 1317 permotione

176 1343 295 1403 mentis
311 1362 411 1423 quam
426 1343 564 1404 veritate
586 1350 644 1404 aut
659 1341 861 1422 praescripto
877 1347 935 1403 aut
956 1339 1033 1400 iuris
1055 1358 1170 1401 norma
1186 1339 1297 1421 aliqua
1319 1349 1378 1404 aut

110 1455 160 1504 119
176 1444 285 1507 iudicii
300 1443 441 1507 sormula
457 1453 514 1506 aut
530 1443 666 1526 legibus.
712 1443 789 1526 Qua
805 1462 848 1520 re,
864 1444 924 1505 nisi
947 1443 1026 1523 quid
1041 1442 1136 1504 vobis
1151 1441 1241 1534 ¹aliud
1260 1443 1390 1524 placet,

175 1547 218 1611 ad
234 1547 290 1611 illa
313 1543 509 1629 pergamus'
554 1542 731 1610 ‘Paulum’
747 1547 853 1628 inquit
871 1545 1009 1610 Catulus
1025 1546 1143 1609 ‘etiarn
1160 1566 1247 1609 nunc
1262 1546 1377 1609 deesse
1393 1574 1423 1610 10

174 1652 305 1715 videtur
320 1652 366 1713 eis
386 1651 491 1727 rebus,
507 1649 645 1727 Antoni,
662 1670 745 1732 quas
767 1650 960 1732 exposuisti,
974 1651 1063 1732 quod
1085 1651 1127 1713 sit
1143 1650 1203 1712 tibi
1223 1658 1301 1714 ante
1317 1670 1376 1712 ex-

175 1755 374 1836 plicandum,
387 1774 486 1836 quam
499 1753 575 1816 illuc
591 1743 804 1835 proficiscare,
816 1773 882 1835 quo
894 1763 928 1816 te
941 1753 1022 1816 dicis
1034 1751 1223 1817 intendere'
1254 1753 1376 1835 ‘Quid-

175 1855 293 1922 nami'
317 1859 433 1939 inquit.
479 1857 563 1939 ‘Qui
587 1857 669 1920 ordo
684 1857 745 1920 tibi
767 1855 913 1938 placeat'
938 1857 1044 1937 inquit
1061 1854 1199 1919 Catulus
1215 1861 1269 1919 ‘et
1292 1877 1377 1939 quae

175 1962 347 2043 dispositio
373 1971 653 2043 argumentorum,
680 1961 713 2023 in
741 1980 807 2042 qua
834 1967 870 2023 tu
898 1959 978 2021 mihi
1005 1979 1136 2041 semper
1165 1960 1248 2023 deus
1273 1960 1377 2022 videri

108 2087 161 2131 rso
175 2063 296 2130 soles’·
325 2065 430 2129 ‘Vide
452 2085 554 2147 quam
577 2060 658 2127 sim'
682 2065 789 2145 inquit
816 2064 915 2127 ‘deus
938 2065 972 2126 in
995 2064 1059 2128 isto
1081 2083 1210 2144 genere,
1239 2062 1375 2126 Catule:
1392 2092 1421 2142 15

175 2189 242 2231 non
264 2167 397 2232 hercule
424 2166 503 2231 mihi
528 2169 589 2230 nisi
612 2169 783 2232 admonito
802 2169 948 2230 venisset
966 2169 999 2229 in
1023 2177 1189 2244 mentem;
1213 2176 1249 2228 ut
1270 2169 1376 2248 possis

175 2273 367 2335 existimare
395 2291 449 2334 me
472 2273 505 2333 in
528 2292 576 2348 ea,
600 2271 773 2352 inquibus
797 2290 863 2333 non
890 2290 1073 2352 numquam
1098 2270 1223 2351 aliquid
1250 2271 1377 2333 efficere

173 2376 297 2450 videor,
314 2396 374 2437 usu
398 2373 502 2437 solere
520 2376 554 2437 in
575 2374 715 2439 dicendo
736 2373 789 2437 vel
807 2394 884 2438 casu
900 2374 1011 2454 potius
1033 2375 1205 2436 incurrere.
1250 2373 1304 2436 Ac
1326 2393 1377 2437 res

173 2479 308 2561 quidem
329 2480 400 2555 ista,
416 2498 516 2559 quam
541 2499 611 2560 eg0,
628 2478 706 2560 quia
728 2498 794 2540 non
816 2496 939 2554 noram,
961 2477 1006 2540 sie
1027 2485 1201 2558 tamquam
1225 2477 1376 2558 ignotum

171 2582 341 2645 hominem
365 2581 594 2663 praeteribam,
618 2589 749 2645 tantum
776 2588 888 2662 potest
918 2581 951 2642 in
981 2579 1131 2654 dieend0,
1164 2589 1201 2642 ut
1231 2580 1274 2644 ad
1304 2580 1375 2642 vin·
1392 2611 1422 2646 20

171 2687 312 2750 cendum
329 2683 420 2749 nulla
435 2683 510 2766 plus
526 2685 652 2766 possit;
675 2683 734 2747 sed
751 2691 865 2746 tamen
881 2682 960 2745 mihi
975 2683 1095 2746 videris
1111 2690 1191 2746 ante
1205 2692 1338 2764 tempus
1354 2705 1373 2746 a

173 2859 194 2895 1.
211 2846 276 2894 Haec
288 2855 314 2892 ut
324 2853 346 2893 et
354 2855 481 2908 properans
492 2848 556 2908 apud
565 2847 641 2894 doctos
653 2844 720 2907 Aba,
732 2851 778 2894 etc.
804 2845 868 2892 Haec
880 2854 902 2891 et
908 2852 1036 2906 properans
1047 2853 1073 2890 ut
1083 2851 1130 2892 etc.
1142 2843 1195 2892 KP.
1264 2857 1301 2908 19.
1319 2845 1373 2908 quia

296 2927 342 2960 non
353 2927 437 2960 noram
446 2911 465 2958 P
475 2910 561 2960 codd:
583 2911 649 2975 quasi
659 2928 704 2960 non
715 2912 792 2960 norim
804 2909 843 2958 K:
861 2911 915 2974 qur'a
925 2926 972 2957 uon
983 2910 1130 2958 memineram
1141 2908 1166 2958 S.
1179 2908 1241 2958 Bak.

204 3067 243 3103 oo.
255 3054 355 3100 42-48.
374 3051 421 3101 Tne
437 3053 578 3114 importunae
593 3053 622 3112 of
639 3054 746 3116 winning
797 3051 934 3113 suspected.
961 3050 1008 3115 Cp.
1021 3050 1064 3100 Or.
1077 3063 1116 3111 33.
1130 3050 1192 3109 118;
1209 3050 1240 3099 de
1251 3050 1294 3100 Or.
1306 3051 1372 3100 Part.

171 3119 210 3166 tlte
215 3119 305 3177 favour
316 3117 345 3176 of
357 3117 395 3164 the
405 3118 513 3164 audiencr
529 3119 548 3164 r's
563 3119 657 3178 pointed
665 3126 706 3165 out
718 3121 744 3177 (5
801 3129 837 3166 11.
852 3119 890 3177 38.

174 3184 233 3244 178)
243 3183 307 3241 ;—r'n
319 3184 383 3242 reply
394 3193 418 3229 to
429 3199 444 3230 a
456 3183 591 3246 suggestion
602 3182 632 3240 of
639 3182 746 3239 Catulus,
829 3183 1012 3238 praescripto,
1025 3178 1139 3228 ‘definite
1151 3177 1251 3229 behest.'

171 3248 288 3295 Antonius
304 3264 356 3307 says
372 3247 422 3294 that
437 3247 474 3296 tire
486 3256 573 3308 proper
589 3247 690 3306 timejor
700 3247 746 3294 dis·
829 3249 899 3294 ituris
910 3259 1017 3304 norma,
1030 3243 1112 3308 ‘legal
1124 3243 1260 3309 principle!

171 3314 265 3377 cussing
282 3323 449 3376 arrangement
464 3313 506 3360 nas
522 3322 563 3359 not
575 3321 614 3370 yet
628 3328 690 3360 come
701 3312 744 3373 (55
829 3325 853 3375 9.
886 3313 986 3359 iudicii
1016 3312 1145 3369 formula,
1176 3310 1257 3358 ‘issue
1290 3310 1373 3360 stated

174 3379 397 3442 179-181):-und
412 3378 450 3425 the
467 3394 545 3426 means
561 3378 591 3438 os
602 3377 711 3442 securiug
728 3377 745 3424 ie
796 3377 943 3440 (procedure
962 3375 1015 3424 laid
1037 3375 1123 3436 down)
1144 3374 1183 3423 lor
1202 3391 1217 3423 a
1237 3375 1372 3438 particular

171 3444 287 3492 discussuri
297 3445 340 3505 (55
355 3445 488 3506 182-184).
796 3441 868 3492 trial!
903 3442 954 3490 For
969 3441 1012 3490 the
1025 3441 1144 3504 praetor's
1162 3440 1295 3489 ‘formula'
1309 3441 1372 3488 with

206 3523 227 3556 2.
244 3511 409 3566 aliquando:
426 3509 442 3557 i.
456 3523 495 3572 ²9·
509 3521 554 3569 133
567 3507 657 3570 (note).
690 3507 746 3555 The
796 3507 878 3556 which
893 3506 925 3556 he
942 3514 996 3555 seut
1010 3506 1053 3555 the
1071 3507 1162 3569 parties
1182 3506 1221 3553 ‘in
1239 3504 1372 3553 iudicium’

170 3574 306 3623 correction
319 3574 346 3623 oi
355 3573 410 3624 Pid.
420 3574 469 3623 and
481 3574 514 3623 K.
526 3573 548 3621 is
560 3590 576 3623 a
586 3573 652 3622 little
662 3587 746 3620 nearer
796 3578 823 3621 to
842 3589 856 3620 a
876 3573 925 3620 suit
938 3571 1021 3621 before
1037 3588 1052 3620 a
1067 3569 1168 3619 ‘iudex'
1184 3586 1223 3634 cp.
1239 3569 1325 3630 Gaius,
1338 3571 1370 3620 iv.

170 3645 198 3688 to
215 3639 258 3687 the
276 3639 329 3688 MS.
346 3638 454 3703 reading,
468 3639 513 3687 but
530 3639 572 3687 the
588 3645 701 3687 neatness
719 3636 749 3686 of
798 3650 829 3698 30
840 3637 865 3686 ff.

169 3704 211 3752 the
223 3719 329 3768 passage
339 3705 361 3752 is
373 3705 496 3767 evidently
507 3705 562 3752 best
573 3703 701 3766 preserved
713 3704 746 3766 by
832 3715 869 3763 14.
881 3704 958 3760 deus,
967 3706 979 3759 5
986 3699 1048 3762 36η
1061 3697 1191 3761 i.a3.1o6;
1204 3698 1370 3762 Introd.p.16.

169 3768 262 3818 Sorofs
289 3770 391 3833 reading
414 3769 494 3818 ‘haec
516 3783 650 3832 properans
672 3774 700 3815 nt
721 3774 746 3816 et
796 3767 862 3816 Brut.
879 3775 978 3830 57.139
997 3767 1095 3815 ‘omnia
1111 3765 1242 3814 veniebant
1260 3765 1371 3813 Antonio

170 3834 237 3898 apud
265 3833 352 3883 doctos
374 3841 399 3882 et
421 3834 569 3883 semidoctus
597 3829 679 3896 ipsez’
703 3832 746 3881 the
795 3832 821 3879 in
837 3837 951 3888 mentem,
968 3846 1045 3894 eaque
1062 3846 1107 3879 sno
1123 3845 1233 3894 quaeque
1250 3830 1314 3889 loco,
1334 3830 1370 3877 uti

169 3899 282 3963 learning
299 3899 328 3947 ol
341 3899 380 3947 his
398 3899 515 3947 audience
532 3898 580 3947 and
597 3897 639 3947 the
650 3896 707 3946 lack
720 3896 749 3946 of
795 3897 928 3960 plurimum
945 3895 1062 3960 proficere
1078 3902 1103 3944 et
1119 3895 1200 3944 valere
1218 3902 1325 3959 possent,
1343 3902 1371 3943 ut

170 3965 190 4013 it
210 3980 242 4012 on
261 3964 301 4012 his
318 3979 374 4012 own
391 3970 447 4028 part
463 3979 504 4013 are
521 3963 563 4012 the
579 3969 630 4013 two
645 3977 745 4011 reasons
794 3963 828 4010 ab
839 3963 987 4025 imperatore
995 3961 1096 4025 equiteS,
1105 3960 1207 4024 pedites,
1218 3960 1278 4009 levis
1291 3976 1370 4009 anna-

169 4030 209 4079 lor
219 4029 261 4078 the
271 4029 342 4077 haste
353 4028 382 4077 of
390 4029 521 4077 Antonius.
795 4033 856 4086 tura,
875 4027 911 4075 sic
929 4027 962 4075 ab
982 4026 1027 4075 illo
1049 4027 1074 4074 in
1093 4026 1200 4074 maxime
1223 4025 1369 4090 opportunis

204 4107 227 4155 3.
244 4098 356 4143 audiet:
375 4093 414 4143 for
426 4094 469 4143 the
484 4093 557 4142 indic.
570 4092 679 4142 retained
691 4092 716 4140 in
729 4108 744 4142 a
794 4092 913 4142 orationis
924 4091 1036 4155 partibus
1048 4090 1248 4141 collocabantur?

169 4159 251 4210 clause
267 4159 406 4224 dependent
422 4175 489 4223 upon
506 4173 553 4208 one
569 4158 712 4222 containing
729 4173 744 4206 a
829 4170 865 4220 15.
883 4171 967 4214 quam
979 4195 985 4207 .
998 4195 1003 4206 .
1017 4194 1022 4206 .
1035 4160 1112 4218 daus,
1133 4156 1207 4206 ‘how
1222 4155 1340 4204 machoi
1353 4171 1370 4204 a

170 4224 324 4287 conjunctive
344 4241 383 4289 cp.
406 4225 486 4288 Roby,
507 4230 519 4283 5
540 4231 618 4288 1779:
643 4223 682 4272 for
701 4223 744 4272 the
792 4222 860 4287 god.’
874 4227 887 4280 5
903 4236 948 4283 133
960 4222 1049 4284 (note).

170 4291 250 4339 future
284 4296 359 4350 tense,
394 4290 552 4354 transferring
590 4305 607 4338 a
643 4288 743 4352 general
829 4302 866 4352 19.
878 4286 1239 4346 uictumquumtlirut.18.7r
1250 4284 1369 4347 ‘Odyssia

169 4355 292 4420 principle
308 4361 335 4405 to
353 4372 369 4404 a
405 4354 521 4404 articular
536 4353 629 4404 casein
645 4355 743 4403 timeto
793 4353 884 4402 Latina
905 4359 942 4402 est
965 4353 1001 4401 sic
1026 4358 1153 4415 tamqnam
1177 4365 1240 4414 opus
1267 4349 1368 4413 aliquod

170 4429 375 4484 come,cp.·apu
409 4435 470 4483 quos
487 4420 604 4483 aget,’§§
620 4418 742 4482 176‚182,
793 4417 917 4467 Daedali.'
951 4417 1023 4466 With
1039 4417 1171 4465 PidIsee
1187 4431 1221 4464 no
1237 4429 1324 4462 reason
1341 4421 1368 4462 to

173 4487 219 4548 189
229 4501 236 4544 ;
253 4485 269 4534 i.
285 4499 322 4533 11.
334 4488 366 4548 48
377 4487 465 4547 (note).
793 4482 889 4546 charrge
900 4483 942 4532 the
953 4482 1007 4531 MS.
1016 4481 1119 4545 reading
1131 4480 1259 4544 ‘quianon
1267 4477 1368 4527 noram‘

205 4551 227 4599 8.
244 4553 372 4609 veritate,
387 4554 436 4612 531
452 4567 459 4609 ;
475 4550 484 4598 i
505 4563 543 4611 33.
561 4561 616 4611 149,
631 4548 744 4662 opposed
798 4549 945 4596 =‘beeause
959 4548 972 4595 I
986 4547 1030 4594 did
1046 4553 1090 4594 not
1106 4545 1232 4608 recognise
1249 4544 1285 4606 it‚’
1297 4544 1368 4593 when

170 4622 197 4666 to
208 4629 311 4673 amore,
318 4615 400 4665 which
406 4615 452 4665 has
460 4616 522 4665 been
531 4615 598 4679 quite
606 4615 668 4664 need
678 4612 745 4678 essly
794 4612 808 4661 I
819 4613 910 4678 passed
921 4613 941 4662 it
952 4612 986 4677 by
997 4610 1049 4661 like
1060 4628 1075 4660 a
1087 4616 1204 4675 stranger.
