3286 5036
567 459 636 524 oa
662 457 895 524 onnroaa
918 458 967 524 rr.
1301 473 1365 544 345

166 648 209 713 de
225 659 258 713 te
273 661 403 715 oratore
419 651 464 716 sic
480 652 713 734 praedicarem,
727 669 828 713 unum
842 659 876 713 te
888 648 920 712 in
934 649 1075 712 dicendo
1089 649 1168 712 mihi
1180 649 1284 712 videri
1296 657 1364 713 tec·

166 755 329 818 tissimum
341 757 575 837 propriumque
586 755 648 818 hoc
661 775 733 818 esse
746 754 853 816 laudis
863 763 940 816 tuae
951 751 1031 816 nihil
1044 773 1064 815 a
1075 761 1109 815 te
1122 773 1279 834 umquam
1292 774 1364 816 esse

165 858 302 934 dictum,
318 861 408 940 quod
431 860 563 923 obesset
577 860 616 936 ei,
632 879 691 940 pro
707 879 773 940 quo
789 857 935 933 diceres3
959 857 1059 937 idque
1079 857 1238 919 memoria
1257 866 1362 935 teneo,

166 980 240 1023 cum
255 962 334 1024 mihi
347 983 454 1025 sermo
469 983 545 1027 cum
557 962 620 1027 hoc
632 961 761 1039 Crasso,
774 960 886 1023 multis
898 959 1118 1037 audientibus,
1131 968 1218 1022 esset
1233 960 1364 1023 institu-

166 1074 219 1126 tus
237 1065 439 1148 Crassusque
449 1067 596 1148 plurimis
608 1066 715 1130 verbis
725 1065 947 1146 eloquentiam
961 1063 1112 1128 laudaret
1124 1073 1224 1136 tuam,
1238 1064 1362 1126 dixisse
1378 1083 1390 1132 5

166 1188 220 1231 me
240 1189 315 1232 curn
336 1173 451 1233 ceteris
466 1172 529 1234 tuis
551 1171 703 1234 laudibus
718 1168 803 1231 hanc
823 1188 894 1230 esse
914 1167 967 1230 vel
988 1167 1172 1230 maximam
1188 1167 1278 1247 quod
1295 1187 1362 1230 non

165 1270 272 1334 solum
284 1274 374 1354 quod
386 1295 470 1355 opus
482 1283 568 1337 esset
579 1275 711 1349 diceres,
724 1271 782 1336 sed
798 1272 898 1334 etiam
912 1271 1001 1352 quod
1015 1289 1081 1336 non
1093 1289 1177 1351 opus
1193 1279 1279 1333 esset
1295 1290 1362 1332 non

97 1385 150 1436 297
165 1375 289 1438 diceres
303 1401 311 1453 3
335 1386 407 1439 turn
423 1377 515 1440 illum
533 1377 611 1439 mihi
628 1377 826 1458 respondere
850 1375 994 1451 memini,
1010 1384 1120 1458 cetera
1135 1374 1168 1435 in
1184 1383 1218 1436 te
1233 1393 1364 1436 summe

165 1499 237 1542 csse
267 1480 441 1559 laudanda,
473 1481 554 1545 illud
583 1501 661 1544 vero
688 1480 830 1562 improbi
858 1499 929 1542 esse
956 1478 1099 1541 hominis
1126 1487 1160 1540 et
1186 1477 1362 1560 perfidiosi,

164 1583 272 1647 dicere
287 1586 376 1665 quod
392 1586 535 1648 alienum
555 1593 641 1648 esset
658 1594 691 1648 et
707 1593 838 1647 noceret
854 1583 892 1660 ei,
909 1603 968 1664 pro
984 1603 1051 1664 quo
1066 1583 1205 1665 quisque
1220 1583 1363 1658 diceret3
1382 1602 1409 1637 ιο

163 1707 229 1767 qua
251 1708 284 1750 re
306 1709 371 1751 non
387 1688 448 1751 sibi
464 1709 539 1751 eum
555 1690 723 1765 disertum,
739 1687 795 1768 qui
817 1686 850 1749 id
870 1706 935 1749 non
955 1684 1085 1760 iaceret,
1101 1685 1213 1763 videri,
1229 1687 1286 1748 sed
1303 1686 1364 1748 irn-

164 1789 313 1870 probum,
333 1793 388 1873 qui
410 1791 540 1856 faceret.
586 1793 692 1868 Nunc,
715 1793 742 1854 si
765 1791 825 1854 tibi
844 1790 983 1867 videtur,
1002 1788 1140 1862 Antoni,
1157 1791 1364 1852 demonstres

164 1873 271 1971 velim,
299 1916 365 1978 qua
390 1905 484 1959 retu
514 1897 577 1960 hoc
604 1897 650 1959 ita
680 1913 838 1976 magnum
861 1902 958 1975 putes
988 1892 1067 1956 nihil
1094 1893 1127 1956 in
1154 1913 1253 1956 causa
1282 1893 1363 1955 mali

100 1995 281 2076 infacete,
304 2009 340 2061 ut
363 1999 443 2062 nihil
468 2001 527 2062 tibi
560 2001 592 2063 in
622 2009 753 2063 oratore
775 1999 880 2061 maius
905 2018 977 2060 esse
999 1994 1168 2060 videatur?
1222 1997 1363 2060 ‘Dicam

95 2082 151 2129 ²⁹⁸
164 2104 328 2183 equidem,
348 2101 488 2182 Caesar,'
503 2105 610 2186 inquit
631 2104 728 2186 ‘quid
745 2097 954 2183 intellegam,’
972 2102 1048 2164 ‘sed
1064 2111 1097 2164 et
1113 2111 1149 2163 tu
1173 2109 1206 2164 et
1221 2122 1281 2164 vos
1296 2101 1359 2166 hoc
1379 2122 1407 2171 15

163 2225 286 2284 omnes,
302 2207 417 2289 inquit,
433 2205 644 2285 mementote,
660 2228 726 2270 non
748 2229 801 2270 me
824 2207 867 2269 de
887 2205 1022 2288 perfecti
1038 2205 1175 2268 oratoris
1191 2205 1363 2268 divinitate

161 2311 307 2390 quadam
327 2310 427 2393 loqui,
442 2315 501 2376 sed
522 2314 565 2376 de
584 2313 830 2376 exercitationis
851 2320 885 2373 et
907 2310 1152 2373 consuetudinis
1176 2329 1270 2372 meae
1294 2329 1363 2372 me·

161 2413 344 2479 diocritate.
389 2414 499 2479 Crassi
518 2417 654 2499 quidem
679 2435 871 2496 responsum
893 2413 1088 2477 excellentis
1115 2413 1287 2476 cuiusdam
1311 2422 1363 2476 est

162 2517 284 2598 ingenii
307 2539 345 2582 ac
366 2519 560 2601 singularis3
584 2520 635 2582 cui
656 2520 792 2601 quidem
809 2517 952 2599 portenti
972 2516 1079 2579 simile
1095 2536 1167 2578 esse
1182 2517 1288 2578 visum
1312 2525 1362 2578 est

161 2641 259 2702 posse
274 2622 419 2703 aliquem
436 2624 571 2686 inveniri
586 2633 760 2699 oratorem,
775 2622 832 2703 qui
847 2619 1067 2702 aliquid'mali
1083 2619 1205 2683 iaceret
1219 2620 1361 2682 dicendo
1378 2643 1408 2680 κο

162 2725 360 2807 obessetque
378 2728 417 2804 ei,
433 2747 532 2808 quem
553 2727 745 2790 defenderet
756 2749 764 2799 ;
789 2725 868 2789 iacit
889 2725 978 2788 enim
1000 2725 1043 2787 de
1063 2744 1099 2788 se
1119 2724 1362 2799 coniecturam3

92 2844 148 2890 aaa
162 2830 253 2892 cuius
269 2839 363 2893 tanta
378 2832 428 2893 vis
449 2831 570 2913 ingenii
586 2841 646 2908 est,
662 2840 699 2894 ut
721 2830 887 2892 neminem
904 2829 964 2891 nisi
986 2826 1137 2891 consulto
1152 2836 1255 2908 putet,
1271 2827 1362 2908 quod

161 2941 276 2995 contra
298 2954 334 2996 se
356 2935 464 3014 ipsum
481 2935 531 3011 sit,
548 2935 678 3009 dicere3
704 2929 777 3019 [sed
793 2953 857 3014 ego
873 2951 938 2994 non
956 2933 998 2994 de
1015 2931 1195 3012 praestanti
1215 2932 1361 3012 quadam

87 3075 88 3078 =
162 3046 195 3099 et
211 3037 343 3113 eximia,
359 3037 418 3099 sed
441 3057 544 3118 prope
565 3038 607 3100 de
630 3037 755 3117 volgari
779 3045 812 3098 et
828 3035 994 3098 communi
1010 3034 1184 3115 prudentia
1200 3030 1360 3120 disputo]

164 3139 212 3202 Ut
235 3140 323 3221 apud
348 3137 493 3203 Graecos
507 3139 610 3203 sertur
628 3138 809 3202 incredibili
829 3137 976 3220 quadam
993 3136 1220 3220 magnitudine
1235 3137 1360 3200 consilii
1376 3163 1405 3212 25

161 3245 261 3324 atque
291 3242 412 3323 ingenii
438 3242 655 3306 Atheniensis
682 3242 736 3305 ille
762 3241 861 3304 fuisse
888 3240 1153 3317 Themistocles3
1188 3239 1230 3302 ad
1260 3261 1359 3321 quern

161 3347 296 3428 quidam
312 3346 430 3410 doctus
451 3345 552 3410 homo
573 3355 674 3427 atque
695 3347 728 3408 in
749 3345 863 3428 primis
882 3345 1030 3408 eruditus
1050 3345 1226 3407 accessisse
1241 3345 1361 3408 dicitur

162 3531 199 3580 ²3·
218 3519 259 3566 sed
265 3534 308 3583 ego
320 3555 326 3568 .
339 3554 346 3568 .
359 3555 366 3569 .
378 3518 467 3580 disputo
480 3517 537 3567 incl.
548 3517 615 3567 Bake
625 3517 682 3573 KS;
700 3524 782 3568 tuetur
793 3517 821 3567 P.
829 3521 926 3581 propria
938 3553 944 3564 .
956 3553 962 3566 .
973 3521 1058 3582 lingua
1066 3518 1211 3579 disputabam
1221 3518 1294 3568 codd.
1307 3525 1360 3583 opt.
1451 3567 1457 3580 ,

196 3677 216 3715 ι.
233 3667 527 3722 tectissimum,⁵most
543 3662 669 3728 guarded‚’
681 3681 734 3728 per-
785 3671 877 3730 tempts
896 3672 923 3714 to
941 3671 1035 3715 oorrect
1055 3664 1098 3714 the
1123 3664 1247 3714 awkward
1264 3665 1359 3729 phrase,

158 3731 222 3795 haps
238 3730 370 3794 originally
387 3730 488 3794 applied
506 3741 532 3779 to
549 3730 652 3779 soldiers
668 3745 735 3778 com·
785 3732 856 3795 point
873 3731 965 3794 clearly
983 3737 1010 3779 to
1028 3729 1070 3779 the
1086 3730 1149 3779 view
1161 3731 1189 3779 oi
1203 3730 1278 3786 Bake,
1292 3730 1359 3795 Kay-

159 3796 251 3862 pletely
263 3796 366 3844 covered
373 3795 412 3858 'by
423 3796 488 3843 their
499 3795 599 3844 shields.
785 3812 831 3852 ser,
844 3797 892 3845 and
904 3796 982 3852 Sorof,
994 3796 1049 3846 that
1059 3795 1100 3845 the
1108 3795 1191 3845 whole
1202 3795 1283 3845 clause
1295 3796 1359 3846 isan

192 3861 215 3910 6.
230 3876 294 3909 oum
302 3864 404 3910 noteris
413 3864 617 3918 tutelaudibus,
628 3867 734 3924 ‘among
784 3861 967 3925 interpolation.
979 3887 983 3898 ·

158 3943 221 3990 your
238 3925 309 3975 other
325 3925 495 3981 distinctions,’
513 3933 558 3976 not
573 3942 589 3975 a
600 3942 658 3988 very
668 3941 735 3976 com·
821 3938 858 3988 27.
877 3931 991 3984 quidam
1000 3931 1099 3977 dootms
1106 3930 1240 3984 hom0,sc.
1253 3927 1360 3976 Simoni·

159 4008 218 4041 mon
230 3992 292 4040 ionn
305 3990 335 4039 oi
342 3991 490 4054 expression.
785 3992 846 4042 des:
873 4009 911 4057 cp.
936 3998 948 4053 §
968 4007 1031 4056 351:
1052 3992 1131 4042 Acad.
1151 3993 1175 4041 ii.
1197 4007 1219 4042 1.
1241 4007 1252 4040 2
1269 4001 1358 4057 ‘quam

160 4123 165 4133 .
194 4072 232 4144 ¹‚⁵·
250 4060 320 4132 quid
330 4060 502 4113 intellegam,
518 4056 601 4106 ‘what
616 4073 659 4121 my
670 4058 734 4106 view
786 4059 954 4120 (memoriam)
967 4060 1040 4108 luisse
1057 4059 1082 4107 in
1096 4059 1271 4118 Themistocle,
1284 4075 1357 4122 quem

159 4125 604 4238 trifissilaillirhm
622 4187 680 4254 a,
704 4203 735 4254 1,
784 4123 1358 4254 ill,{irradiati{litteral

160 4255 251 4318 (note).
784 4255 891 4311 cuidam,
903 4271 929 4304 se
946 4264 1024 4304 artem
1040 4256 1063 4304 ei
1081 4257 1215 4305 memoriae
1230 4271 1294 4318 quae
1306 4261 1359 4303 tum

195 4333 232 4368 21.
250 4323 336 4380 dese,
349 4318 543 4383 ‘judgingirom
555 4318 670 4370 himself)
783 4321 889 4384 primum
925 4321 1094 4384 proferebatur
1132 4321 1285 4376 traditurum,
1324 4335 1358 4368 re·

195 4399 233 4444 ²3·
262 4385 324 4449 [sed
348 4400 400 4442 ego
422 4422 428 4434 .
448 4421 454 4434 .
474 4420 480 4431 .
500 4386 636 4448 disputo}
677 4384 733 4434 The
782 4386 911 4450 spondisse
920 4385 1011 4436 dicitur
1020 4384 1249 4435 obliviscisemalle
1258 4385 1358 4438 discere.

158 4457 229 4513 great
251 4449 345 4514 variety
367 4451 396 4498 ol
415 4449 529 4513 readings
551 4451 576 4499 in
599 4450 641 4499 the
659 4450 732 4500 MSS.
783 4452 864 4508 credo,
896 4451 965 4514 quod
1002 4452 1137 4501 haerebant
1175 4451 1200 4499 in
1238 4450 1358 4498 memoria

157 4519 225 4573 here,
244 4515 293 4563 and
311 4515 353 4564 the
374 4515 479 4580 striking
497 4519 547 4565 lact
565 4516 619 4565 that
639 4515 673 4565 all
691 4516 732 4564 the
782 4532 944 4582 quaecunque
955 4517 1067 4566 audierat
1077 4524 1103 4564 et
1116 4513 1242 4565 viderat:'
1258 4516 1290 4565 de
1303 4515 1357 4564 Fin.

159 4581 239 4630 better
251 4579 323 4630 MSS.
336 4581 392 4644 give
405 4583 500 4643 proprie
512 4581 560 4630 and
577 4581 732 4643 disparatam,
783 4582 808 4629 ii.
822 4595 860 4642 3²·
877 4595 925 4645 104
939 4581 1134 4631 ‘Themistocles
1145 4581 1252 4645 quidem,
1263 4596 1321 4629 cum
1332 4581 1356 4630 ei

157 4645 232 4697 while
250 4647 293 4697 the
311 4645 374 4696 later
394 4661 454 4698 ones
472 4645 542 4697 show
561 4645 672 4698 different
693 4653 731 4696 at·
782 4645 921 4696 Simonides
934 4663 967 4698 an
983 4647 1038 4713 quis
1055 4647 1118 4698 alius
1135 4653 1212 4698 artem
1223 4646 1358 4698 memoriae

732 4743 794 4796 Aa
