<?xml version="1.0" encoding="UTF-8"?>
<!DOCTYPE html PUBLIC "-//W3C//DTD XHTML 1.0 Transitional//EN"
    "http://www.w3.org/TR/xhtml1/DTD/xhtml1-transitional.dtd">
<html xmlns="http://www.w3.org/1999/xhtml" xml:lang="en" lang="en">
 <head>
  <title>
</title>
<meta http-equiv="Content-Type" content="text/html;charset=utf-8" />
  <meta name='ocr-system' content='tesseract 3.04.00' />
  <meta name='ocr-capabilities' content='ocr_page ocr_carea ocr_par ocr_line ocrx_word'/>
</head>
<body>
  <div class='ocr_page' id='page_1' title='image "./mtulliiciceroni00wilkgoog_0111.png"; bbox 0 0 3286 5036; ppageno 0'>
   <div class='ocr_carea' id='block_1_1' title="bbox 266 433 1148 522">
    <p class='ocr_par' dir='ltr' id='par_1_1' title="bbox 266 433 1148 522">
     <span class='ocr_line' id='line_1_1' title="bbox 266 433 1148 522; baseline 0 -21"><span class='ocrx_word' id='word_1_1' title='bbox 266 437 328 522; x_wconf 78' lang='lat'>302</span> <span class='ocrx_word' id='word_1_2' title='bbox 608 435 662 500; x_wconf 80' lang='lat' dir='ltr'>rr.</span> <span class='ocrx_word' id='word_1_3' title='bbox 689 433 864 509; x_wconf 80' lang='lat' dir='ltr'>rurrrr</span> <span class='ocrx_word' id='word_1_4' title='bbox 884 434 1148 503; x_wconf 77' lang='lat' dir='ltr'>crcareorrrs</span> 
     </span>
    </p>
   </div>
   <div class='ocr_carea' id='block_1_2' title="bbox 166 608 1536 2579">
    <p class='ocr_par' dir='ltr' id='par_1_2' title="bbox 236 608 1533 1544">
     <span class='ocr_line' id='line_1_2' title="bbox 265 608 1467 709; baseline -0.003 -15"><span class='ocrx_word' id='word_1_5' title='bbox 265 639 385 705; x_wconf 89' lang='lat' dir='ltr'>tamus,</span> <span class='ocrx_word' id='word_1_6' title='bbox 413 608 530 692; x_wconf 85' lang='lat' dir='ltr'>influat</span> <span class='ocrx_word' id='word_1_7' title='bbox 560 634 691 709; x_wconf 88' lang='lat' dir='ltr'>oportet</span> <span class='ocrx_word' id='word_1_8' title='bbox 724 625 859 709; x_wconf 91' lang='lat' dir='ltr'>aliquid,</span> <span class='ocrx_word' id='word_1_9' title='bbox 891 632 926 690; x_wconf 92' lang='lat' dir='ltr'>et</span> <span class='ocrx_word' id='word_1_10' title='bbox 955 645 1000 691; x_wconf 87' lang='lat' dir='ltr'>ex</span> <span class='ocrx_word' id='word_1_11' title='bbox 1028 623 1093 690; x_wconf 91' lang='lat' dir='ltr'>hac</span> <span class='ocrx_word' id='word_1_12' title='bbox 1125 623 1158 689; x_wconf 92' lang='lat' dir='ltr'>vi</span> <span class='ocrx_word' id='word_1_13' title='bbox 1187 643 1253 689; x_wconf 93' lang='lat' dir='ltr'>non</span> <span class='ocrx_word' id='word_1_14' title='bbox 1283 643 1467 709; x_wconf 84' lang='lat' dir='ltr'>numquam</span> 
     </span>
     <span class='ocr_line' id='line_1_3' title="bbox 266 729 1467 814; baseline -0.001 -17"><span class='ocrx_word' id='word_1_15' title='bbox 266 734 368 797; x_wconf 91' lang='lat' dir='ltr'>animi</span> <span class='ocrx_word' id='word_1_16' title='bbox 405 732 530 814; x_wconf 92' lang='lat' dir='ltr'>aliquid</span> <span class='ocrx_word' id='word_1_17' title='bbox 568 731 751 794; x_wconf 88' lang='lat' dir='ltr'>inflandum</span> <span class='ocrx_word' id='word_1_18' title='bbox 786 741 837 795; x_wconf 91' lang='lat' dir='ltr'>est</span> <span class='ocrx_word' id='word_1_19' title='bbox 878 730 925 793; x_wconf 92' lang='lat' dir='ltr'>illi</span> <span class='ocrx_word' id='word_1_20' title='bbox 964 729 1115 807; x_wconf 82' lang='lat' dir='ltr'>lenitati3</span> <span class='ocrx_word' id='word_1_21' title='bbox 1157 749 1266 812; x_wconf 91' lang='lat' dir='ltr'>neque</span> <span class='ocrx_word' id='word_1_22' title='bbox 1305 740 1355 795; x_wconf 92' lang='lat' dir='ltr'>est</span> <span class='ocrx_word' id='word_1_23' title='bbox 1397 730 1467 796; x_wconf 88' lang='lat' dir='ltr'>ulla</span> 
     </span>
     <span class='ocr_line' id='line_1_4' title="bbox 265 833 1466 919; baseline -0.003 -17"><span class='ocrx_word' id='word_1_24' title='bbox 265 837 479 919; x_wconf 87' lang='lat' dir='ltr'>temperatior</span> <span class='ocrx_word' id='word_1_25' title='bbox 508 836 614 899; x_wconf 90' lang='lat' dir='ltr'>oratio</span> <span class='ocrx_word' id='word_1_26' title='bbox 651 854 753 916; x_wconf 91' lang='lat' dir='ltr'>quam</span> <span class='ocrx_word' id='word_1_27' title='bbox 786 833 851 912; x_wconf 85' lang='lat' dir='ltr'>illa,</span> <span class='ocrx_word' id='word_1_28' title='bbox 888 834 922 896; x_wconf 93' lang='lat' dir='ltr'>in</span> <span class='ocrx_word' id='word_1_29' title='bbox 956 853 1022 916; x_wconf 92' lang='lat' dir='ltr'>qua</span> <span class='ocrx_word' id='word_1_30' title='bbox 1051 834 1212 915; x_wconf 88' lang='lat' dir='ltr'>asperitas</span> <span class='ocrx_word' id='word_1_31' title='bbox 1245 835 1466 900; x_wconf 90' lang='lat' dir='ltr'>contentionis</span> 
     </span>
     <span class='ocr_line' id='line_1_5' title="bbox 265 937 1467 1023; baseline -0.004 -18"><span class='ocrx_word' id='word_1_32' title='bbox 265 942 403 1005; x_wconf 85' lang='lat' dir='ltr'>oratoris</span> <span class='ocrx_word' id='word_1_33' title='bbox 435 941 537 1023; x_wconf 88' lang='lat' dir='ltr'>ipsius</span> <span class='ocrx_word' id='word_1_34' title='bbox 566 939 776 1003; x_wconf 83' lang='lat' dir='ltr'>humanitate</span> <span class='ocrx_word' id='word_1_35' title='bbox 809 938 973 1012; x_wconf 89' lang='lat' dir='ltr'>conditur,</span> <span class='ocrx_word' id='word_1_36' title='bbox 1004 937 1153 1000; x_wconf 88' lang='lat' dir='ltr'>remissio</span> <span class='ocrx_word' id='word_1_37' title='bbox 1182 946 1296 1002; x_wconf 90' lang='lat' dir='ltr'>autem</span> <span class='ocrx_word' id='word_1_38' title='bbox 1319 937 1467 1003; x_wconf 83' lang='lat' dir='ltr'>lenitatis</span> 
     </span>
     <span class='ocr_line' id='line_1_6' title="bbox 236 1041 1533 1129; baseline 0.001 -18"><span class='ocrx_word' id='word_1_39' title='bbox 236 1047 411 1129; x_wconf 84' lang='lat' dir='ltr'>5quadam</span> <span class='ocrx_word' id='word_1_40' title='bbox 437 1045 602 1127; x_wconf 88' lang='lat' dir='ltr'>gravitate</span> <span class='ocrx_word' id='word_1_41' title='bbox 626 1051 659 1106; x_wconf 91' lang='lat' dir='ltr'>et</span> <span class='ocrx_word' id='word_1_42' title='bbox 682 1043 895 1106; x_wconf 87' lang='lat' dir='ltr'>contentione</span> <span class='ocrx_word' id='word_1_43' title='bbox 916 1041 1077 1105; x_wconf 86' lang='lat' dir='ltr'>firmatur.</span> <span class='ocrx_word' id='word_1_44' title='bbox 1122 1041 1162 1104; x_wconf 94' lang='lat' dir='ltr'>In</span> <span class='ocrx_word' id='word_1_45' title='bbox 1186 1051 1328 1125; x_wconf 92' lang='lat' dir='ltr'>utroque</span> <span class='ocrx_word' id='word_1_46' title='bbox 1352 1052 1466 1106; x_wconf 92' lang='lat' dir='ltr'>autem</span> <span class='ocrx_word' id='word_1_47' title='bbox 1479 1065 1533 1112; x_wconf 84' lang='lat' dir='ltr'>ara</span> 
     </span>
     <span class='ocr_line' id='line_1_7' title="bbox 264 1145 1466 1232; baseline -0.005 -18"><span class='ocrx_word' id='word_1_48' title='bbox 264 1170 386 1232; x_wconf 88' lang='lat' dir='ltr'>genere</span> <span class='ocrx_word' id='word_1_49' title='bbox 408 1148 538 1212; x_wconf 92' lang='lat' dir='ltr'>dicendi</span> <span class='ocrx_word' id='word_1_50' title='bbox 563 1155 596 1210; x_wconf 90' lang='lat' dir='ltr'>et</span> <span class='ocrx_word' id='word_1_51' title='bbox 620 1145 685 1221; x_wconf 92' lang='lat' dir='ltr'>illo,</span> <span class='ocrx_word' id='word_1_52' title='bbox 716 1146 750 1208; x_wconf 93' lang='lat' dir='ltr'>in</span> <span class='ocrx_word' id='word_1_53' title='bbox 764 1179 768 1186; x_wconf 94' lang='lat'>·</span> <span class='ocrx_word' id='word_1_54' title='bbox 781 1167 848 1228; x_wconf 92' lang='lat' dir='ltr'>quo</span> <span class='ocrx_word' id='word_1_55' title='bbox 878 1145 928 1208; x_wconf 90' lang='lat' dir='ltr'>vis</span> <span class='ocrx_word' id='word_1_56' title='bbox 956 1153 1061 1227; x_wconf 89' lang='lat' dir='ltr'>atque</span> <span class='ocrx_word' id='word_1_57' title='bbox 1090 1146 1261 1209; x_wconf 91' lang='lat' dir='ltr'>contentio</span> <span class='ocrx_word' id='word_1_58' title='bbox 1290 1147 1466 1227; x_wconf 89' lang='lat' dir='ltr'>quaeritur,</span> 
     </span>
     <span class='ocr_line' id='line_1_8' title="bbox 264 1248 1468 1334; baseline -0.003 -17"><span class='ocrx_word' id='word_1_59' title='bbox 264 1263 298 1317; x_wconf 91' lang='lat' dir='ltr'>et</span> <span class='ocrx_word' id='word_1_60' title='bbox 321 1253 395 1327; x_wconf 92' lang='lat' dir='ltr'>hoc,</span> <span class='ocrx_word' id='word_1_61' title='bbox 420 1251 509 1334; x_wconf 94' lang='lat' dir='ltr'>quod</span> <span class='ocrx_word' id='word_1_62' title='bbox 537 1250 580 1314; x_wconf 92' lang='lat' dir='ltr'>ad</span> <span class='ocrx_word' id='word_1_63' title='bbox 604 1251 708 1313; x_wconf 89' lang='lat' dir='ltr'>vitam</span> <span class='ocrx_word' id='word_1_64' title='bbox 739 1257 773 1312; x_wconf 90' lang='lat' dir='ltr'>et</span> <span class='ocrx_word' id='word_1_65' title='bbox 804 1269 911 1312; x_wconf 89' lang='lat' dir='ltr'>mores</span> <span class='ocrx_word' id='word_1_66' title='bbox 942 1248 1227 1322; x_wconf 84' lang='lat' dir='ltr'>adcommodatur,</span> <span class='ocrx_word' id='word_1_67' title='bbox 1251 1258 1284 1313; x_wconf 90' lang='lat' dir='ltr'>et</span> <span class='ocrx_word' id='word_1_68' title='bbox 1308 1251 1468 1331; x_wconf 88' lang='lat' dir='ltr'>principia</span> 
     </span>
     <span class='ocr_line' id='line_1_9' title="bbox 263 1352 1467 1435; baseline -0.002 -15"><span class='ocrx_word' id='word_1_69' title='bbox 263 1357 360 1421; x_wconf 91' lang='lat' dir='ltr'>tarda</span> <span class='ocrx_word' id='word_1_70' title='bbox 381 1356 448 1419; x_wconf 92' lang='lat' dir='ltr'>sint</span> <span class='ocrx_word' id='word_1_71' title='bbox 469 1363 503 1418; x_wconf 90' lang='lat' dir='ltr'>et</span> <span class='ocrx_word' id='word_1_72' title='bbox 525 1354 635 1417; x_wconf 86' lang='lat' dir='ltr'>exitus</span> <span class='ocrx_word' id='word_1_73' title='bbox 656 1354 738 1416; x_wconf 91' lang='lat' dir='ltr'>item</span> <span class='ocrx_word' id='word_1_74' title='bbox 759 1352 855 1435; x_wconf 93' lang='lat' dir='ltr'>spissi</span> <span class='ocrx_word' id='word_1_75' title='bbox 877 1362 912 1417; x_wconf 90' lang='lat' dir='ltr'>et</span> <span class='ocrx_word' id='word_1_76' title='bbox 932 1352 1085 1434; x_wconf 90' lang='lat' dir='ltr'>producti</span> <span class='ocrx_word' id='word_1_77' title='bbox 1106 1373 1178 1416; x_wconf 92' lang='lat' dir='ltr'>esse</span> <span class='ocrx_word' id='word_1_78' title='bbox 1198 1353 1332 1417; x_wconf 91' lang='lat' dir='ltr'>debent.</span> <span class='ocrx_word' id='word_1_79' title='bbox 1376 1355 1467 1418; x_wconf 85' lang='lat' dir='ltr'>Nam</span> 
     </span>
     <span class='ocr_line' id='line_1_10' title="bbox 265 1456 1468 1544; baseline -0.001 -21"><span class='ocrx_word' id='word_1_80' title='bbox 265 1481 373 1544; x_wconf 89' lang='lat' dir='ltr'>neque</span> <span class='ocrx_word' id='word_1_81' title='bbox 399 1457 621 1522; x_wconf 86' lang='lat' dir='ltr'>adsiliendum</span> <span class='ocrx_word' id='word_1_82' title='bbox 647 1458 761 1520; x_wconf 90' lang='lat' dir='ltr'>statim</span> <span class='ocrx_word' id='word_1_83' title='bbox 785 1466 835 1520; x_wconf 92' lang='lat' dir='ltr'>est</span> <span class='ocrx_word' id='word_1_84' title='bbox 858 1457 901 1520; x_wconf 92' lang='lat' dir='ltr'>ad</span> <span class='ocrx_word' id='word_1_85' title='bbox 924 1477 1029 1539; x_wconf 90' lang='lat' dir='ltr'>genus</span> <span class='ocrx_word' id='word_1_86' title='bbox 1051 1456 1132 1520; x_wconf 94' lang='lat' dir='ltr'>illud</span> <span class='ocrx_word' id='word_1_87' title='bbox 1159 1458 1338 1534; x_wconf 90' lang='lat' dir='ltr'>orationis;</span> <span class='ocrx_word' id='word_1_88' title='bbox 1371 1459 1468 1522; x_wconf 90' lang='lat' dir='ltr'>abest</span> 
     </span>
    </p>

    <p class='ocr_par' dir='ltr' id='par_1_3' title="bbox 220 1559 1534 2061">
     <span class='ocr_line' id='line_1_11' title="bbox 220 1559 1467 1643; baseline -0.003 -13"><span class='ocrx_word' id='word_1_89' title='bbox 220 1596 250 1631; x_wconf 82' lang='grc' dir='ltr'>ιο</span> <span class='ocrx_word' id='word_1_90' title='bbox 265 1565 353 1629; x_wconf 91' lang='lat' dir='ltr'>enim</span> <span class='ocrx_word' id='word_1_91' title='bbox 369 1572 478 1626; x_wconf 90' lang='lat' dir='ltr'>totum</span> <span class='ocrx_word' id='word_1_92' title='bbox 493 1585 514 1626; x_wconf 92' lang='lat' dir='ltr'>a</span> <span class='ocrx_word' id='word_1_93' title='bbox 525 1582 625 1626; x_wconf 90' lang='lat' dir='ltr'>causa</span> <span class='ocrx_word' id='word_1_94' title='bbox 641 1569 674 1624; x_wconf 91' lang='lat' dir='ltr'>et</span> <span class='ocrx_word' id='word_1_95' title='bbox 689 1560 839 1624; x_wconf 91' lang='lat' dir='ltr'>homines</span> <span class='ocrx_word' id='word_1_96' title='bbox 855 1561 945 1642; x_wconf 91' lang='lat' dir='ltr'>prius</span> <span class='ocrx_word' id='word_1_97' title='bbox 957 1561 1066 1642; x_wconf 91' lang='lat' dir='ltr'>ipsum</span> <span class='ocrx_word' id='word_1_98' title='bbox 1082 1559 1174 1635; x_wconf 91' lang='lat' dir='ltr'>illud,</span> <span class='ocrx_word' id='word_1_99' title='bbox 1191 1561 1282 1642; x_wconf 93' lang='lat' dir='ltr'>quod</span> <span class='ocrx_word' id='word_1_100' title='bbox 1298 1564 1467 1643; x_wconf 89' lang='lat' dir='ltr'>proprium</span> 
     </span>
     <span class='ocr_line' id='line_1_12' title="bbox 263 1665 1466 1741; baseline -0.002 -9"><span class='ocrx_word' id='word_1_101' title='bbox 263 1669 314 1732; x_wconf 93' lang='lat' dir='ltr'>sui</span> <span class='ocrx_word' id='word_1_102' title='bbox 340 1667 451 1732; x_wconf 92' lang='lat' dir='ltr'>iudicii</span> <span class='ocrx_word' id='word_1_103' title='bbox 478 1674 539 1741; x_wconf 92' lang='lat' dir='ltr'>est,</span> <span class='ocrx_word' id='word_1_104' title='bbox 566 1665 682 1729; x_wconf 90' lang='lat' dir='ltr'>audire</span> <span class='ocrx_word' id='word_1_105' title='bbox 708 1665 919 1740; x_wconf 83' lang='lat' dir='ltr'>desiderant3</span> <span class='ocrx_word' id='word_1_106' title='bbox 954 1683 1014 1726; x_wconf 91' lang='lat' dir='ltr'>nec</span> <span class='ocrx_word' id='word_1_107' title='bbox 1042 1683 1119 1727; x_wconf 92' lang='lat' dir='ltr'>curn</span> <span class='ocrx_word' id='word_1_108' title='bbox 1145 1665 1179 1726; x_wconf 95' lang='lat' dir='ltr'>in</span> <span class='ocrx_word' id='word_1_109' title='bbox 1204 1685 1279 1727; x_wconf 89' lang='lat' dir='ltr'>eam</span> <span class='ocrx_word' id='word_1_110' title='bbox 1304 1667 1466 1730; x_wconf 88' lang='lat' dir='ltr'>rationem</span> 
     </span>
     <span class='ocr_line' id='line_1_13' title="bbox 263 1767 1534 1854; baseline 0 -19"><span class='ocrx_word' id='word_1_111' title='bbox 263 1775 428 1854; x_wconf 88' lang='lat' dir='ltr'>ingressus</span> <span class='ocrx_word' id='word_1_112' title='bbox 451 1769 504 1845; x_wconf 91' lang='lat' dir='ltr'>sis,</span> <span class='ocrx_word' id='word_1_113' title='bbox 521 1768 672 1833; x_wconf 89' lang='lat' dir='ltr'>celeriter</span> <span class='ocrx_word' id='word_1_114' title='bbox 695 1767 933 1831; x_wconf 91' lang='lat' dir='ltr'>discedendum</span> <span class='ocrx_word' id='word_1_115' title='bbox 957 1775 1025 1845; x_wconf 82' lang='lat' dir='ltr'>est3</span> <span class='ocrx_word' id='word_1_116' title='bbox 1054 1786 1121 1830; x_wconf 92' lang='lat' dir='ltr'>non</span> <span class='ocrx_word' id='word_1_117' title='bbox 1144 1767 1243 1842; x_wconf 90' lang='lat' dir='ltr'>enim,</span> <span class='ocrx_word' id='word_1_118' title='bbox 1264 1770 1348 1833; x_wconf 91' lang='lat' dir='ltr'>sicut</span> <span class='ocrx_word' id='word_1_119' title='bbox 1370 1788 1534 1850; x_wconf 82' lang='lat' dir='ltr'>argu-214</span> 
     </span>
     <span class='ocr_line' id='line_1_14' title="bbox 264 1863 1468 1955; baseline -0.002 -16"><span class='ocrx_word' id='word_1_120' title='bbox 264 1887 423 1951; x_wconf 91' lang='lat' dir='ltr'>mentum,</span> <span class='ocrx_word' id='word_1_121' title='bbox 446 1874 543 1937; x_wconf 91' lang='lat' dir='ltr'>simul</span> <span class='ocrx_word' id='word_1_122' title='bbox 566 1883 668 1955; x_wconf 89' lang='lat' dir='ltr'>atque</span> <span class='ocrx_word' id='word_1_123' title='bbox 690 1863 837 1953; x_wconf 83' lang='lat' dir='ltr'>positum</span> <span class='ocrx_word' id='word_1_124' title='bbox 858 1880 917 1947; x_wconf 90' lang='lat' dir='ltr'>est,</span> <span class='ocrx_word' id='word_1_125' title='bbox 933 1871 1095 1953; x_wconf 87' lang='lat' dir='ltr'>adripitur</span> <span class='ocrx_word' id='word_1_126' title='bbox 1114 1871 1324 1953; x_wconf 91' lang='lat' dir='ltr'>alterumque</span> <span class='ocrx_word' id='word_1_127' title='bbox 1345 1883 1380 1937; x_wconf 91' lang='lat' dir='ltr'>et</span> <span class='ocrx_word' id='word_1_128' title='bbox 1401 1884 1468 1936; x_wconf 90' lang='lat' dir='ltr'>ter·</span> 
     </span>
     <span class='ocr_line' id='line_1_15' title="bbox 259 1975 1465 2061; baseline -0.003 -18"><span class='ocrx_word' id='word_1_129' title='bbox 259 1982 343 2043; x_wconf 92' lang='lat' dir='ltr'>tium</span> <span class='ocrx_word' id='word_1_130' title='bbox 367 1979 521 2061; x_wconf 89' lang='lat' dir='ltr'>poscitur,</span> <span class='ocrx_word' id='word_1_131' title='bbox 545 1979 591 2040; x_wconf 91' lang='lat' dir='ltr'>ita</span> <span class='ocrx_word' id='word_1_132' title='bbox 614 1976 871 2039; x_wconf 90' lang='lat' dir='ltr'>misericordiam</span> <span class='ocrx_word' id='word_1_133' title='bbox 897 1983 956 2039; x_wconf 85' lang='lat' dir='ltr'>aut</span> <span class='ocrx_word' id='word_1_134' title='bbox 980 1975 1138 2039; x_wconf 88' lang='lat' dir='ltr'>invidiam</span> <span class='ocrx_word' id='word_1_135' title='bbox 1163 1985 1222 2039; x_wconf 92' lang='lat' dir='ltr'>aut</span> <span class='ocrx_word' id='word_1_136' title='bbox 1246 1977 1465 2052; x_wconf 85' lang='lat' dir='ltr'>iracundiam,</span> 
     </span>
    </p>

    <p class='ocr_par' dir='ltr' id='par_1_4' title="bbox 218 2075 1469 2372">
     <span class='ocr_line' id='line_1_16' title="bbox 218 2075 1469 2166; baseline 0 -22"><span class='ocrx_word' id='word_1_137' title='bbox 218 2117 247 2166; x_wconf 88' lang='lat'>15</span> <span class='ocrx_word' id='word_1_138' title='bbox 262 2081 359 2146; x_wconf 93' lang='lat' dir='ltr'>simul</span> <span class='ocrx_word' id='word_1_139' title='bbox 376 2091 478 2164; x_wconf 91' lang='lat' dir='ltr'>atque</span> <span class='ocrx_word' id='word_1_140' title='bbox 494 2075 657 2155; x_wconf 62' lang='lat' dir='ltr'>intuleris,⁴</span> <span class='ocrx_word' id='word_1_141' title='bbox 667 2081 774 2161; x_wconf 92' lang='lat' dir='ltr'>possis</span> <span class='ocrx_word' id='word_1_142' title='bbox 797 2099 1025 2143; x_wconf 92' lang='lat' dir='ltr'>commovere:</span> <span class='ocrx_word' id='word_1_143' title='bbox 1048 2089 1281 2160; x_wconf 85' lang='lat' dir='ltr'>argumentum</span> <span class='ocrx_word' id='word_1_144' title='bbox 1296 2082 1380 2144; x_wconf 88' lang='lat' dir='ltr'>ratio</span> <span class='ocrx_word' id='word_1_145' title='bbox 1394 2082 1469 2162; x_wconf 83' lang='lat' dir='ltr'>ipsa</span> 
     </span>
     <span class='ocr_line' id='line_1_17' title="bbox 262 2181 1467 2268; baseline -0.002 -18"><span class='ocrx_word' id='word_1_146' title='bbox 262 2187 437 2250; x_wconf 85' lang='lat' dir='ltr'>confirmat</span> <span class='ocrx_word' id='word_1_147' title='bbox 464 2185 566 2268; x_wconf 93' lang='lat' dir='ltr'>idque</span> <span class='ocrx_word' id='word_1_148' title='bbox 593 2183 690 2247; x_wconf 91' lang='lat' dir='ltr'>simul</span> <span class='ocrx_word' id='word_1_149' title='bbox 717 2191 820 2265; x_wconf 91' lang='lat' dir='ltr'>atque</span> <span class='ocrx_word' id='word_1_150' title='bbox 847 2181 1005 2247; x_wconf 90' lang='lat' dir='ltr'>emissum</span> <span class='ocrx_word' id='word_1_151' title='bbox 1036 2190 1098 2257; x_wconf 92' lang='lat' dir='ltr'>est,</span> <span class='ocrx_word' id='word_1_152' title='bbox 1125 2182 1350 2260; x_wconf 91' lang='lat' dir='ltr'>adhaerescit;</span> <span class='ocrx_word' id='word_1_153' title='bbox 1383 2182 1467 2247; x_wconf 93' lang='lat' dir='ltr'>illud</span> 
     </span>
     <span class='ocr_line' id='line_1_18' title="bbox 262 2287 1466 2372; baseline -0.003 -18"><span class='ocrx_word' id='word_1_154' title='bbox 262 2301 374 2355; x_wconf 90' lang='lat' dir='ltr'>autem</span> <span class='ocrx_word' id='word_1_155' title='bbox 397 2309 503 2372; x_wconf 91' lang='lat' dir='ltr'>genus</span> <span class='ocrx_word' id='word_1_156' title='bbox 525 2288 683 2352; x_wconf 90' lang='lat' dir='ltr'>orationis</span> <span class='ocrx_word' id='word_1_157' title='bbox 706 2307 772 2350; x_wconf 92' lang='lat' dir='ltr'>non</span> <span class='ocrx_word' id='word_1_158' title='bbox 795 2287 1020 2368; x_wconf 86' lang='lat' dir='ltr'>cognitionem</span> <span class='ocrx_word' id='word_1_159' title='bbox 1043 2287 1169 2361; x_wconf 90' lang='lat' dir='ltr'>iudicis,</span> <span class='ocrx_word' id='word_1_160' title='bbox 1185 2287 1244 2350; x_wconf 91' lang='lat' dir='ltr'>sed</span> <span class='ocrx_word' id='word_1_161' title='bbox 1268 2288 1373 2370; x_wconf 87' lang='lat' dir='ltr'>magis</span> <span class='ocrx_word' id='word_1_162' title='bbox 1391 2307 1466 2370; x_wconf 90' lang='lat' dir='ltr'>per-</span> 
     </span>
    </p>

    <p class='ocr_par' dir='ltr' id='par_1_5' title="bbox 166 2390 1536 2579">
     <span class='ocr_line' id='line_1_19' title="bbox 166 2390 1467 2474; baseline -0.003 -15"><span class='ocrx_word' id='word_1_163' title='bbox 166 2391 167 2395; x_wconf 60' lang='grc'>’</span> <span class='ocrx_word' id='word_1_164' title='bbox 262 2395 485 2459; x_wconf 87' lang='lat' dir='ltr'>turbationem</span> <span class='ocrx_word' id='word_1_165' title='bbox 515 2393 658 2474; x_wconf 90' lang='lat' dir='ltr'>requirit,</span> <span class='ocrx_word' id='word_1_166' title='bbox 690 2412 793 2473; x_wconf 91' lang='lat' dir='ltr'>quam</span> <span class='ocrx_word' id='word_1_167' title='bbox 828 2391 988 2472; x_wconf 91' lang='lat' dir='ltr'>consequi</span> <span class='ocrx_word' id='word_1_168' title='bbox 1018 2390 1080 2452; x_wconf 92' lang='lat' dir='ltr'>nisi</span> <span class='ocrx_word' id='word_1_169' title='bbox 1111 2391 1216 2454; x_wconf 90' lang='lat' dir='ltr'>multa</span> <span class='ocrx_word' id='word_1_170' title='bbox 1246 2399 1280 2454; x_wconf 89' lang='lat' dir='ltr'>et</span> <span class='ocrx_word' id='word_1_171' title='bbox 1308 2393 1399 2455; x_wconf 91' lang='lat' dir='ltr'>varia</span> <span class='ocrx_word' id='word_1_172' title='bbox 1431 2400 1467 2455; x_wconf 90' lang='lat' dir='ltr'>et</span> 
     </span>
     <span class='ocr_line' id='line_1_20' title="bbox 263 2494 1536 2579; baseline -0.001 -19"><span class='ocrx_word' id='word_1_173' title='bbox 263 2500 397 2579; x_wconf 90' lang='lat' dir='ltr'>copiosa</span> <span class='ocrx_word' id='word_1_174' title='bbox 411 2497 560 2559; x_wconf 88' lang='lat' dir='ltr'>oratione</span> <span class='ocrx_word' id='word_1_175' title='bbox 575 2504 609 2559; x_wconf 92' lang='lat' dir='ltr'>et</span> <span class='ocrx_word' id='word_1_176' title='bbox 624 2495 722 2559; x_wconf 91' lang='lat' dir='ltr'>simili</span> <span class='ocrx_word' id='word_1_177' title='bbox 738 2495 952 2558; x_wconf 87' lang='lat' dir='ltr'>contentione</span> <span class='ocrx_word' id='word_1_178' title='bbox 967 2494 1106 2557; x_wconf 90' lang='lat' dir='ltr'>actionis</span> <span class='ocrx_word' id='word_1_179' title='bbox 1127 2513 1226 2557; x_wconf 90' lang='lat' dir='ltr'>nemo</span> <span class='ocrx_word' id='word_1_180' title='bbox 1241 2503 1354 2576; x_wconf 90' lang='lat' dir='ltr'>potest</span> <span class='ocrx_word' id='word_1_181' title='bbox 1368 2519 1376 2573; x_wconf 89' lang='lat'>;</span> <span class='ocrx_word' id='word_1_182' title='bbox 1399 2503 1536 2578; x_wconf 76' lang='lat' dir='ltr'>qua215</span> 
     </span>
    </p>
   </div>
   <div class='ocr_carea' id='block_1_3' title="bbox 262 2629 1469 2826">
    <p class='ocr_par' dir='ltr' id='par_1_6' title="bbox 262 2629 1469 2826">
     <span class='ocr_line' id='line_1_21' title="bbox 298 2629 1469 2696; baseline 0.003 -17"><span class='ocrx_word' id='word_1_183' title='bbox 298 2646 321 2679; x_wconf 84' lang='lat' dir='ltr'>a.</span> <span class='ocrx_word' id='word_1_184' title='bbox 338 2631 472 2696; x_wconf 81' lang='lat' dir='ltr'>inflandum</span> <span class='ocrx_word' id='word_1_185' title='bbox 482 2641 515 2678; x_wconf 83' lang='lat' dir='ltr'>est</span> <span class='ocrx_word' id='word_1_186' title='bbox 526 2631 587 2678; x_wconf 83' lang='lat' dir='ltr'>KP:</span> <span class='ocrx_word' id='word_1_187' title='bbox 604 2631 774 2690; x_wconf 82' lang='lat' dir='ltr'>infimderrdum</span> <span class='ocrx_word' id='word_1_188' title='bbox 790 2640 822 2678; x_wconf 82' lang='lat' dir='ltr'>est</span> <span class='ocrx_word' id='word_1_189' title='bbox 838 2629 855 2680; x_wconf 90' lang='lat' dir='ltr'>S</span> <span class='ocrx_word' id='word_1_190' title='bbox 873 2636 931 2695; x_wconf 85' lang='lat' dir='ltr'>post</span> <span class='ocrx_word' id='word_1_191' title='bbox 948 2629 1115 2680; x_wconf 85' lang='lat' dir='ltr'>Lambinum:</span> <span class='ocrx_word' id='word_1_192' title='bbox 1135 2629 1331 2692; x_wconf 78' lang='lat' dir='ltr'>inflammandum</span> <span class='ocrx_word' id='word_1_193' title='bbox 1347 2643 1379 2679; x_wconf 82' lang='lat' dir='ltr'>est</span> <span class='ocrx_word' id='word_1_194' title='bbox 1394 2631 1469 2683; x_wconf 88' lang='lat' dir='ltr'>codd.</span> 
     </span>
     <span class='ocr_line' id='line_1_22' title="bbox 262 2695 1467 2748; baseline 0.001 -2"><span class='ocrx_word' id='word_1_195' title='bbox 262 2704 324 2747; x_wconf 90' lang='lat' dir='ltr'>mut.</span> <span class='ocrx_word' id='word_1_196' title='bbox 506 2697 530 2745; x_wconf 90' lang='lat'>8.</span> <span class='ocrx_word' id='word_1_197' title='bbox 546 2698 592 2743; x_wconf 75' lang='lat' dir='ltr'>sint</span> <span class='ocrx_word' id='word_1_198' title='bbox 603 2695 656 2745; x_wconf 90' lang='lat' dir='ltr'>PS:</span> <span class='ocrx_word' id='word_1_199' title='bbox 672 2706 726 2744; x_wconf 77' lang='lat' dir='ltr'>saur</span> <span class='ocrx_word' id='word_1_200' title='bbox 738 2696 812 2746; x_wconf 89' lang='lat' dir='ltr'>codd.</span> <span class='ocrx_word' id='word_1_201' title='bbox 823 2712 828 2744; x_wconf 93' lang='lat'><strong>:</strong></span> <span class='ocrx_word' id='word_1_202' title='bbox 847 2696 904 2746; x_wconf 92' lang='lat' dir='ltr'>incl.</span> <span class='ocrx_word' id='word_1_203' title='bbox 916 2696 950 2745; x_wconf 91' lang='lat' dir='ltr'>K.</span> <span class='ocrx_word' id='word_1_204' title='bbox 1124 2697 1178 2744; x_wconf 81' lang='lat' dir='ltr'>item</span> <span class='ocrx_word' id='word_1_205' title='bbox 1189 2695 1247 2745; x_wconf 90' lang='lat' dir='ltr'>KS:</span> <span class='ocrx_word' id='word_1_206' title='bbox 1263 2707 1339 2746; x_wconf 78' lang='lat' dir='ltr'>tamen</span> <span class='ocrx_word' id='word_1_207' title='bbox 1350 2697 1424 2747; x_wconf 92' lang='lat' dir='ltr'>codd.</span> <span class='ocrx_word' id='word_1_208' title='bbox 1436 2698 1467 2748; x_wconf 87' lang='lat' dir='ltr'>P.</span> 
     </span>
     <span class='ocr_line' id='line_1_23' title="bbox 264 2760 1007 2826; baseline -0.003 -15"><span class='ocrx_word' id='word_1_209' title='bbox 264 2764 302 2813; x_wconf 88' lang='lat'>16.</span> <span class='ocrx_word' id='word_1_210' title='bbox 320 2764 389 2826; x_wconf 78' lang='lat' dir='ltr'>idque</span> <span class='ocrx_word' id='word_1_211' title='bbox 398 2761 479 2819; x_wconf 84' lang='lat' dir='ltr'>Sorof,</span> <span class='ocrx_word' id='word_1_212' title='bbox 491 2768 560 2824; x_wconf 77' lang='lat' dir='ltr'>atque</span> <span class='ocrx_word' id='word_1_213' title='bbox 571 2760 605 2819; x_wconf 89' lang='lat' dir='ltr'>K,</span> <span class='ocrx_word' id='word_1_214' title='bbox 614 2777 674 2824; x_wconf 80' lang='lat' dir='ltr'>quae</span> <span class='ocrx_word' id='word_1_215' title='bbox 686 2797 693 2811; x_wconf 90' lang='lat'><strong>.</strong></span> <span class='ocrx_word' id='word_1_216' title='bbox 707 2798 713 2811; x_wconf 93' lang='lat'>.</span> <span class='ocrx_word' id='word_1_217' title='bbox 726 2765 824 2810; x_wconf 58' lang='lat' dir='ltr'>amissa</span> <span class='ocrx_word' id='word_1_218' title='bbox 836 2762 921 2812; x_wconf 89' lang='lat' dir='ltr'>Pcum</span> <span class='ocrx_word' id='word_1_219' title='bbox 933 2761 1007 2811; x_wconf 89' lang='lat' dir='ltr'>codd.</span> 
     </span>
    </p>
   </div>
   <div class='ocr_carea' id='block_1_4' title="bbox 259 2868 1470 4704">
    <p class='ocr_par' dir='ltr' id='par_1_7' title="bbox 259 2868 1470 3526">
     <span class='ocr_line' id='line_1_24' title="bbox 296 2868 1467 2934; baseline 0.003 -17"><span class='ocrx_word' id='word_1_220' title='bbox 296 2884 317 2918; x_wconf 88' lang='lat' dir='ltr'>r.</span> <span class='ocrx_word' id='word_1_221' title='bbox 333 2873 436 2919; x_wconf 66' lang='lat' dir='ltr'>infirm</span> <span class='ocrx_word' id='word_1_222' title='bbox 452 2874 571 2929; x_wconf 82' lang='lat' dir='ltr'>oportet,</span> <span class='ocrx_word' id='word_1_223' title='bbox 590 2875 635 2918; x_wconf 90' lang='lat' dir='ltr'>etc.</span> <span class='ocrx_word' id='word_1_224' title='bbox 670 2868 791 2933; x_wconf 70' lang='lat' dir='ltr'>Nagelsb.</span> <span class='ocrx_word' id='word_1_225' title='bbox 809 2886 834 2934; x_wconf 92' lang='lat' dir='ltr'>p.</span> <span class='ocrx_word' id='word_1_226' title='bbox 919 2873 943 2920; x_wconf 87' lang='lat'>8.</span> <span class='ocrx_word' id='word_1_227' title='bbox 959 2873 1045 2920; x_wconf 88' lang='lat' dir='ltr'>item:</span> <span class='ocrx_word' id='word_1_228' title='bbox 1071 2886 1103 2920; x_wconf 91' lang='lat' dir='ltr'>so</span> <span class='ocrx_word' id='word_1_229' title='bbox 1120 2869 1257 2920; x_wconf 85' lang='lat' dir='ltr'>Lambinus</span> <span class='ocrx_word' id='word_1_230' title='bbox 1279 2872 1402 2921; x_wconf 85' lang='lat' dir='ltr'>corrected</span> <span class='ocrx_word' id='word_1_231' title='bbox 1423 2871 1467 2921; x_wconf 93' lang='lat' dir='ltr'>the</span> 
     </span>
     <span class='ocr_line' id='line_1_25' title="bbox 262 2933 1470 3001; baseline 0 -16"><span class='ocrx_word' id='word_1_232' title='bbox 262 2938 309 2998; x_wconf 78' lang='lat'>380</span> <span class='ocrx_word' id='word_1_233' title='bbox 320 2936 378 2985; x_wconf 89' lang='lat' dir='ltr'>well</span> <span class='ocrx_word' id='word_1_234' title='bbox 390 2937 511 2984; x_wconf 85' lang='lat' dir='ltr'>discusses</span> <span class='ocrx_word' id='word_1_235' title='bbox 522 2935 564 2984; x_wconf 93' lang='lat' dir='ltr'>the</span> <span class='ocrx_word' id='word_1_236' title='bbox 576 2933 718 2998; x_wconf 89' lang='lat' dir='ltr'>metaphors</span> <span class='ocrx_word' id='word_1_237' title='bbox 731 2935 760 2983; x_wconf 88' lang='lat' dir='ltr'>of</span> <span class='ocrx_word' id='word_1_238' title='bbox 768 2933 836 2984; x_wconf 89' lang='lat' dir='ltr'>flow·</span> <span class='ocrx_word' id='word_1_239' title='bbox 887 2936 942 2985; x_wconf 89' lang='lat' dir='ltr'>MS.</span> <span class='ocrx_word' id='word_1_240' title='bbox 960 2936 1064 3001; x_wconf 85' lang='lat' dir='ltr'>reading</span> <span class='ocrx_word' id='word_1_241' title='bbox 1087 2938 1202 2996; x_wconf 74' lang='lat' dir='ltr'>‘tamen&#39;</span> <span class='ocrx_word' id='word_1_242' title='bbox 1224 2937 1306 2986; x_wconf 91' lang='lat' dir='ltr'>which</span> <span class='ocrx_word' id='word_1_243' title='bbox 1329 2939 1351 2986; x_wconf 93' lang='lat' dir='ltr'>is</span> <span class='ocrx_word' id='word_1_244' title='bbox 1364 2938 1416 2986; x_wconf 67' lang='lat' dir='ltr'>&#39;out</span> <span class='ocrx_word' id='word_1_245' title='bbox 1438 2937 1470 2986; x_wconf 83' lang='lat' dir='ltr'>of</span> 
     </span>
     <span class='ocr_line' id='line_1_26' title="bbox 261 2999 1468 3068; baseline 0.001 -17"><span class='ocrx_word' id='word_1_246' title='bbox 261 3003 304 3066; x_wconf 90' lang='lat' dir='ltr'>ing</span> <span class='ocrx_word' id='word_1_247' title='bbox 326 3001 375 3051; x_wconf 85' lang='lat' dir='ltr'>and</span> <span class='ocrx_word' id='word_1_248' title='bbox 397 3001 439 3049; x_wconf 88' lang='lat' dir='ltr'>the</span> <span class='ocrx_word' id='word_1_249' title='bbox 461 2999 519 3049; x_wconf 88' lang='lat' dir='ltr'>like.</span> <span class='ocrx_word' id='word_1_250' title='bbox 553 3001 601 3049; x_wconf 91' lang='lat' dir='ltr'>We</span> <span class='ocrx_word' id='word_1_251' title='bbox 622 3017 681 3064; x_wconf 88' lang='lat' dir='ltr'>may</span> <span class='ocrx_word' id='word_1_252' title='bbox 702 3002 836 3050; x_wconf 82' lang='lat' dir='ltr'>translate:</span> <span class='ocrx_word' id='word_1_253' title='bbox 887 3002 960 3065; x_wconf 84' lang='lat' dir='ltr'>place</span> <span class='ocrx_word' id='word_1_254' title='bbox 967 3002 1090 3062; x_wconf 88' lang='lat' dir='ltr'>here;ior</span> <span class='ocrx_word' id='word_1_255' title='bbox 1100 3003 1121 3051; x_wconf 92' lang='lat' dir='ltr'>it</span> <span class='ocrx_word' id='word_1_256' title='bbox 1132 3003 1153 3051; x_wconf 91' lang='lat' dir='ltr'>is</span> <span class='ocrx_word' id='word_1_257' title='bbox 1164 3008 1208 3051; x_wconf 93' lang='lat' dir='ltr'>not</span> <span class='ocrx_word' id='word_1_258' title='bbox 1216 3004 1312 3052; x_wconf 87' lang='lat' dir='ltr'>natural</span> <span class='ocrx_word' id='word_1_259' title='bbox 1322 3009 1349 3052; x_wconf 92' lang='lat' dir='ltr'>to</span> <span class='ocrx_word' id='word_1_260' title='bbox 1357 3018 1468 3068; x_wconf 91' lang='lat' dir='ltr'>suppose</span> 
     </span>
     <span class='ocr_line' id='line_1_27' title="bbox 263 3065 1467 3132; baseline 0.001 -16"><span class='ocrx_word' id='word_1_261' title='bbox 263 3067 315 3116; x_wconf 84' lang='lat' dir='ltr'>‘ior</span> <span class='ocrx_word' id='word_1_262' title='bbox 333 3065 408 3116; x_wconf 92' lang='lat' dir='ltr'>while</span> <span class='ocrx_word' id='word_1_263' title='bbox 425 3066 467 3115; x_wconf 89' lang='lat' dir='ltr'>the</span> <span class='ocrx_word' id='word_1_264' title='bbox 485 3066 629 3130; x_wconf 88' lang='lat' dir='ltr'>gentleness,</span> <span class='ocrx_word' id='word_1_265' title='bbox 650 3068 683 3130; x_wconf 90' lang='lat' dir='ltr'>by</span> <span class='ocrx_word' id='word_1_266' title='bbox 697 3067 780 3116; x_wconf 90' lang='lat' dir='ltr'>which</span> <span class='ocrx_word' id='word_1_267' title='bbox 799 3082 838 3116; x_wconf 91' lang='lat' dir='ltr'>we</span> <span class='ocrx_word' id='word_1_268' title='bbox 888 3067 943 3117; x_wconf 89' lang='lat' dir='ltr'>that</span> <span class='ocrx_word' id='word_1_269' title='bbox 962 3068 1068 3117; x_wconf 88' lang='lat' dir='ltr'>because</span> <span class='ocrx_word' id='word_1_270' title='bbox 1086 3067 1128 3117; x_wconf 90' lang='lat' dir='ltr'>the</span> <span class='ocrx_word' id='word_1_271' title='bbox 1147 3069 1282 3132; x_wconf 84' lang='lat' dir='ltr'>beginning</span> <span class='ocrx_word' id='word_1_272' title='bbox 1298 3069 1319 3117; x_wconf 91' lang='lat' dir='ltr'>is</span> <span class='ocrx_word' id='word_1_273' title='bbox 1337 3069 1406 3128; x_wconf 92' lang='lat' dir='ltr'>slow,</span> <span class='ocrx_word' id='word_1_274' title='bbox 1423 3069 1467 3118; x_wconf 89' lang='lat' dir='ltr'>the</span> 
     </span>
     <span class='ocr_line' id='line_1_28' title="bbox 260 3131 1467 3196; baseline 0.001 -14"><span class='ocrx_word' id='word_1_275' title='bbox 260 3149 301 3181; x_wconf 91' lang='lat' dir='ltr'>are</span> <span class='ocrx_word' id='word_1_276' title='bbox 320 3132 507 3182; x_wconf 87' lang='lat' dir='ltr'>recommended</span> <span class='ocrx_word' id='word_1_277' title='bbox 524 3138 551 3180; x_wconf 93' lang='lat' dir='ltr'>to</span> <span class='ocrx_word' id='word_1_278' title='bbox 569 3148 614 3180; x_wconf 92' lang='lat' dir='ltr'>our</span> <span class='ocrx_word' id='word_1_279' title='bbox 630 3131 754 3193; x_wconf 89' lang='lat' dir='ltr'>audience,</span> <span class='ocrx_word' id='word_1_280' title='bbox 772 3137 838 3181; x_wconf 88' lang='lat' dir='ltr'>must</span> <span class='ocrx_word' id='word_1_281' title='bbox 888 3133 935 3182; x_wconf 91' lang='lat' dir='ltr'>end</span> <span class='ocrx_word' id='word_1_282' title='bbox 946 3139 1012 3181; x_wconf 91' lang='lat' dir='ltr'>must</span> <span class='ocrx_word' id='word_1_283' title='bbox 1024 3133 1055 3182; x_wconf 93' lang='lat' dir='ltr'>be</span> <span class='ocrx_word' id='word_1_284' title='bbox 1066 3133 1154 3196; x_wconf 88' lang='lat' dir='ltr'>rapid;</span> <span class='ocrx_word' id='word_1_285' title='bbox 1171 3132 1247 3183; x_wconf 89' lang='lat' dir='ltr'>hence</span> <span class='ocrx_word' id='word_1_286' title='bbox 1264 3149 1295 3182; x_wconf 85' lang='lat' dir='ltr'>an</span> <span class='ocrx_word' id='word_1_287' title='bbox 1312 3135 1467 3183; x_wconf 88' lang='lat' dir='ltr'>adversative</span> 
     </span>
     <span class='ocr_line' id='line_1_29' title="bbox 261 3197 1467 3264; baseline 0.001 -17"><span class='ocrx_word' id='word_1_288' title='bbox 261 3199 400 3248; x_wconf 76' lang='lat' dir='ltr'>contributa</span> <span class='ocrx_word' id='word_1_289' title='bbox 411 3197 552 3262; x_wconf 89' lang='lat' dir='ltr'>something</span> <span class='ocrx_word' id='word_1_290' title='bbox 564 3198 593 3246; x_wconf 85' lang='lat' dir='ltr'>of</span> <span class='ocrx_word' id='word_1_291' title='bbox 601 3197 634 3246; x_wconf 90' lang='lat' dir='ltr'>its</span> <span class='ocrx_word' id='word_1_292' title='bbox 645 3213 701 3246; x_wconf 88' lang='lat' dir='ltr'>own</span> <span class='ocrx_word' id='word_1_293' title='bbox 712 3198 838 3247; x_wconf 89' lang='lat' dir='ltr'>character</span> <span class='ocrx_word' id='word_1_294' title='bbox 888 3199 993 3262; x_wconf 88' lang='lat' dir='ltr'>particle</span> <span class='ocrx_word' id='word_1_295' title='bbox 1001 3199 1023 3247; x_wconf 93' lang='lat' dir='ltr'>is</span> <span class='ocrx_word' id='word_1_296' title='bbox 1031 3205 1076 3248; x_wconf 89' lang='lat' dir='ltr'>not</span> <span class='ocrx_word' id='word_1_297' title='bbox 1082 3199 1200 3264; x_wconf 86' lang='lat' dir='ltr'>required.</span> <span class='ocrx_word' id='word_1_298' title='bbox 1219 3198 1326 3264; x_wconf 87' lang='lat' dir='ltr'>Madvig</span> <span class='ocrx_word' id='word_1_299' title='bbox 1332 3199 1467 3264; x_wconf 89' lang='lat' dir='ltr'>suggested</span> 
     </span>
     <span class='ocr_line' id='line_1_30' title="bbox 259 3263 1001 3326; baseline 0 -14"><span class='ocrx_word' id='word_1_300' title='bbox 259 3270 287 3312; x_wconf 93' lang='lat' dir='ltr'>to</span> <span class='ocrx_word' id='word_1_301' title='bbox 298 3263 432 3326; x_wconf 88' lang='lat' dir='ltr'>thestrong</span> <span class='ocrx_word' id='word_1_302' title='bbox 439 3263 743 3326; x_wconf 85' lang='lat' dir='ltr'>passionwithwhiehwe</span> <span class='ocrx_word' id='word_1_303' title='bbox 752 3279 839 3312; x_wconf 89' lang='lat' dir='ltr'>arouse</span> <span class='ocrx_word' id='word_1_304' title='bbox 890 3265 1001 3312; x_wconf 82' lang='lat' dir='ltr'>‘etiam&#39;</span> 
     </span>
     <span class='ocr_line' id='line_1_31' title="bbox 260 3327 1464 3394; baseline 0.001 -17"><span class='ocrx_word' id='word_1_305' title='bbox 260 3328 336 3387; x_wconf 90' lang='lat' dir='ltr'>thern,</span> <span class='ocrx_word' id='word_1_306' title='bbox 360 3343 388 3376; x_wconf 90' lang='lat' dir='ltr'>so</span> <span class='ocrx_word' id='word_1_307' title='bbox 410 3327 460 3375; x_wconf 90' lang='lat' dir='ltr'>this</span> <span class='ocrx_word' id='word_1_308' title='bbox 483 3329 584 3391; x_wconf 88' lang='lat' dir='ltr'>passion</span> <span class='ocrx_word' id='word_1_309' title='bbox 610 3334 676 3377; x_wconf 89' lang='lat' dir='ltr'>must</span> <span class='ocrx_word' id='word_1_310' title='bbox 697 3329 838 3378; x_wconf 84' lang='lat' dir='ltr'>sometimes</span> <span class='ocrx_word' id='word_1_311' title='bbox 921 3331 1015 3390; x_wconf 85' lang='lat' dir='ltr'>spissi,</span> <span class='ocrx_word' id='word_1_312' title='bbox 1034 3328 1141 3378; x_wconf 77' lang='lat' dir='ltr'>‘slowt’</span> <span class='ocrx_word' id='word_1_313' title='bbox 1163 3345 1203 3394; x_wconf 88' lang='lat' dir='ltr'>cp.</span> <span class='ocrx_word' id='word_1_314' title='bbox 1223 3327 1256 3378; x_wconf 89' lang='lat' dir='ltr'>ad</span> <span class='ocrx_word' id='word_1_315' title='bbox 1273 3329 1327 3379; x_wconf 87' lang='lat' dir='ltr'>Ait.</span> <span class='ocrx_word' id='word_1_316' title='bbox 1346 3346 1369 3380; x_wconf 85' lang='lat' dir='ltr'>x.</span> <span class='ocrx_word' id='word_1_317' title='bbox 1394 3331 1464 3378; x_wconf 79' lang='lat' dir='ltr'>18.a</span> 
     </span>
     <span class='ocr_line' id='line_1_32' title="bbox 260 3391 1466 3460; baseline 0.002 -18"><span class='ocrx_word' id='word_1_318' title='bbox 260 3393 363 3443; x_wconf 87' lang='lat' dir='ltr'>breathe</span> <span class='ocrx_word' id='word_1_319' title='bbox 373 3407 442 3441; x_wconf 89' lang='lat' dir='ltr'>some</span> <span class='ocrx_word' id='word_1_320' title='bbox 454 3391 484 3440; x_wconf 85' lang='lat' dir='ltr'>oi</span> <span class='ocrx_word' id='word_1_321' title='bbox 491 3393 523 3441; x_wconf 89' lang='lat' dir='ltr'>its</span> <span class='ocrx_word' id='word_1_322' title='bbox 535 3409 591 3442; x_wconf 90' lang='lat' dir='ltr'>own</span> <span class='ocrx_word' id='word_1_323' title='bbox 601 3392 645 3442; x_wconf 89' lang='lat' dir='ltr'>fire</span> <span class='ocrx_word' id='word_1_324' title='bbox 652 3393 705 3443; x_wconf 92' lang='lat' dir='ltr'>into</span> <span class='ocrx_word' id='word_1_325' title='bbox 716 3394 772 3444; x_wconf 91' lang='lat' dir='ltr'>that</span> <span class='ocrx_word' id='word_1_326' title='bbox 780 3410 839 3459; x_wconf 90' lang='lat' dir='ltr'>gen·</span> <span class='ocrx_word' id='word_1_327' title='bbox 893 3394 944 3443; x_wconf 85' lang='lat' dir='ltr'>‘ita</span> <span class='ocrx_word' id='word_1_328' title='bbox 956 3395 1041 3444; x_wconf 89' lang='lat' dir='ltr'>omnia</span> <span class='ocrx_word' id='word_1_329' title='bbox 1051 3395 1123 3444; x_wconf 87' lang='lat' dir='ltr'>tarda</span> <span class='ocrx_word' id='word_1_330' title='bbox 1134 3395 1215 3444; x_wconf 86' lang='lat' dir='ltr'>adhuc</span> <span class='ocrx_word' id='word_1_331' title='bbox 1222 3401 1247 3444; x_wconf 91' lang='lat' dir='ltr'>et</span> <span class='ocrx_word' id='word_1_332' title='bbox 1253 3394 1349 3460; x_wconf 65' lang='lat' dir='ltr'>spissa?</span> <span class='ocrx_word' id='word_1_333' title='bbox 1367 3396 1466 3445; x_wconf 91' lang='lat' dir='ltr'>Nonius</span> 
     </span>
     <span class='ocr_line' id='line_1_33' title="bbox 260 3459 1465 3526; baseline 0.002 -18"><span class='ocrx_word' id='word_1_334' title='bbox 260 3459 366 3508; x_wconf 85' lang='lat' dir='ltr'>tleness.&#39;</span> <span class='ocrx_word' id='word_1_335' title='bbox 890 3462 926 3524; x_wconf 92' lang='lat' dir='ltr'>(p.</span> <span class='ocrx_word' id='word_1_336' title='bbox 940 3475 986 3524; x_wconf 80' lang='lat'>39²</span> <span class='ocrx_word' id='word_1_337' title='bbox 1000 3461 1048 3523; x_wconf 93' lang='lat' dir='ltr'>M.)</span> <span class='ocrx_word' id='word_1_338' title='bbox 1061 3476 1118 3522; x_wconf 87' lang='lat' dir='ltr'>says</span> <span class='ocrx_word' id='word_1_339' title='bbox 1137 3461 1257 3524; x_wconf 88' lang='lat' dir='ltr'>‘spissum</span> <span class='ocrx_word' id='word_1_340' title='bbox 1274 3460 1399 3526; x_wconf 85' lang='lat' dir='ltr'>significat</span> <span class='ocrx_word' id='word_1_341' title='bbox 1415 3469 1465 3510; x_wconf 89' lang='lat' dir='ltr'>tar·</span> 
     </span>
    </p>

    <p class='ocr_par' dir='ltr' id='par_1_8' title="bbox 260 3522 1467 3722">
     <span class='ocr_line' id='line_1_34' title="bbox 294 3522 1466 3591; baseline 0.002 -16"><span class='ocrx_word' id='word_1_342' title='bbox 294 3539 316 3587; x_wconf 86' lang='lat'>3.</span> <span class='ocrx_word' id='word_1_343' title='bbox 335 3525 526 3582; x_wconf 80' lang='lat' dir='ltr'>temperatior,</span> <span class='ocrx_word' id='word_1_344' title='bbox 540 3522 802 3587; x_wconf 77' lang='lat' dir='ltr'>‘bettertempered:’</span> <span class='ocrx_word' id='word_1_345' title='bbox 820 3541 836 3574; x_wconf 88' lang='lat' dir='ltr'>a</span> <span class='ocrx_word' id='word_1_346' title='bbox 887 3527 964 3586; x_wconf 89' lang='lat' dir='ltr'>dum,&#39;</span> <span class='ocrx_word' id='word_1_347' title='bbox 985 3526 1034 3574; x_wconf 89' lang='lat' dir='ltr'>and</span> <span class='ocrx_word' id='word_1_348' title='bbox 1051 3533 1138 3590; x_wconf 90' lang='lat' dir='ltr'>quotes</span> <span class='ocrx_word' id='word_1_349' title='bbox 1155 3533 1196 3575; x_wconf 89' lang='lat' dir='ltr'>ten</span> <span class='ocrx_word' id='word_1_350' title='bbox 1219 3543 1344 3591; x_wconf 86' lang='lat' dir='ltr'>passages,</span> <span class='ocrx_word' id='word_1_351' title='bbox 1368 3527 1466 3577; x_wconf 88' lang='lat' dir='ltr'>besides</span> 
     </span>
     <span class='ocr_line' id='line_1_35' title="bbox 260 3589 1466 3656; baseline 0.002 -17"><span class='ocrx_word' id='word_1_352' title='bbox 260 3591 392 3655; x_wconf 90' lang='lat' dir='ltr'>metaphor</span> <span class='ocrx_word' id='word_1_353' title='bbox 408 3589 472 3638; x_wconf 91' lang='lat' dir='ltr'>srom</span> <span class='ocrx_word' id='word_1_354' title='bbox 489 3596 574 3654; x_wconf 89' lang='lat' dir='ltr'>strong</span> <span class='ocrx_word' id='word_1_355' title='bbox 584 3590 655 3648; x_wconf 84' lang='lat' dir='ltr'>wine,</span> <span class='ocrx_word' id='word_1_356' title='bbox 668 3590 752 3638; x_wconf 92' lang='lat' dir='ltr'>which</span> <span class='ocrx_word' id='word_1_357' title='bbox 762 3590 837 3639; x_wconf 86' lang='lat' dir='ltr'>needs</span> <span class='ocrx_word' id='word_1_358' title='bbox 888 3591 945 3650; x_wconf 90' lang='lat' dir='ltr'>this,</span> <span class='ocrx_word' id='word_1_359' title='bbox 966 3590 1030 3640; x_wconf 91' lang='lat' dir='ltr'>srom</span> <span class='ocrx_word' id='word_1_360' title='bbox 1049 3592 1117 3655; x_wconf 88' lang='lat' dir='ltr'>early</span> <span class='ocrx_word' id='word_1_361' title='bbox 1133 3593 1243 3640; x_wconf 90' lang='lat' dir='ltr'>writers:</span> <span class='ocrx_word' id='word_1_362' title='bbox 1264 3607 1284 3642; x_wconf 90' lang='lat' dir='ltr'>e.</span> <span class='ocrx_word' id='word_1_363' title='bbox 1292 3609 1316 3656; x_wconf 91' lang='lat' dir='ltr'>g.</span> <span class='ocrx_word' id='word_1_364' title='bbox 1341 3592 1466 3641; x_wconf 85' lang='lat' dir='ltr'>‘Naevius</span> 
     </span>
     <span class='ocr_line' id='line_1_36' title="bbox 260 3654 1467 3722; baseline 0 -15"><span class='ocrx_word' id='word_1_365' title='bbox 260 3665 287 3707; x_wconf 91' lang='lat' dir='ltr'>to</span> <span class='ocrx_word' id='word_1_366' title='bbox 299 3659 329 3706; x_wconf 91' lang='lat' dir='ltr'>be</span> <span class='ocrx_word' id='word_1_367' title='bbox 340 3656 453 3706; x_wconf 81' lang='lat' dir='ltr'>sostened</span> <span class='ocrx_word' id='word_1_368' title='bbox 464 3655 497 3718; x_wconf 92' lang='lat' dir='ltr'>by</span> <span class='ocrx_word' id='word_1_369' title='bbox 508 3654 551 3704; x_wconf 86' lang='lat' dir='ltr'>the</span> <span class='ocrx_word' id='word_1_370' title='bbox 562 3655 699 3704; x_wconf 86' lang='lat' dir='ltr'>admixture</span> <span class='ocrx_word' id='word_1_371' title='bbox 710 3656 739 3704; x_wconf 84' lang='lat' dir='ltr'>ol</span> <span class='ocrx_word' id='word_1_372' title='bbox 747 3663 830 3705; x_wconf 89' lang='lat' dir='ltr'>water.</span> <span class='ocrx_word' id='word_1_373' title='bbox 888 3656 1050 3720; x_wconf 90' lang='lat' dir='ltr'>Gymnastico</span> <span class='ocrx_word' id='word_1_374' title='bbox 1057 3660 1074 3682; x_wconf 89' lang='lat'>“</span> <span class='ocrx_word' id='word_1_375' title='bbox 1081 3664 1107 3706; x_wconf 88' lang='lat' dir='ltr'>at</span> <span class='ocrx_word' id='word_1_376' title='bbox 1114 3658 1180 3706; x_wconf 92' lang='lat' dir='ltr'>enim</span> <span class='ocrx_word' id='word_1_377' title='bbox 1188 3664 1215 3705; x_wconf 90' lang='lat' dir='ltr'>tu</span> <span class='ocrx_word' id='word_1_378' title='bbox 1222 3659 1296 3706; x_wconf 90' lang='lat' dir='ltr'>nimis</span> <span class='ocrx_word' id='word_1_379' title='bbox 1305 3659 1384 3722; x_wconf 87' lang='lat' dir='ltr'>spisse</span> <span class='ocrx_word' id='word_1_380' title='bbox 1392 3665 1467 3721; x_wconf 89' lang='lat' dir='ltr'>atque</span> 
     </span>
    </p>

    <p class='ocr_par' dir='ltr' id='par_1_9' title="bbox 261 3721 1467 3983">
     <span class='ocr_line' id='line_1_37' title="bbox 293 3721 1466 3786; baseline 0 -14"><span class='ocrx_word' id='word_1_381' title='bbox 293 3725 484 3772; x_wconf 81' lang='lat' dir='ltr'>contentionis</span> <span class='ocrx_word' id='word_1_382' title='bbox 512 3743 535 3762; x_wconf 89' lang='lat'><em>=</em></span> <span class='ocrx_word' id='word_1_383' title='bbox 563 3721 695 3786; x_wconf 85' lang='lat' dir='ltr'>‘energy;&#39;</span> <span class='ocrx_word' id='word_1_384' title='bbox 732 3737 771 3786; x_wconf 92' lang='lat' dir='ltr'>cp.</span> <span class='ocrx_word' id='word_1_385' title='bbox 804 3721 837 3770; x_wconf 91' lang='lat' dir='ltr'>ad</span> <span class='ocrx_word' id='word_1_386' title='bbox 888 3723 957 3771; x_wconf 88' lang='lat' dir='ltr'>tarde</span> <span class='ocrx_word' id='word_1_387' title='bbox 974 3722 1105 3772; x_wconf 87' lang='lat' dir='ltr'>incedis.&#39;”</span> <span class='ocrx_word' id='word_1_388' title='bbox 1139 3722 1466 3786; x_wconf 79' lang='lat' dir='ltr'>SoBrnt.36.138‘cum</span> 
     </span>
     <span class='ocr_line' id='line_1_38' title="bbox 261 3787 1467 3853; baseline 0.003 -18"><span class='ocrx_word' id='word_1_389' title='bbox 261 3787 323 3836; x_wconf 89' lang='lat' dir='ltr'>Her.</span> <span class='ocrx_word' id='word_1_390' title='bbox 335 3789 371 3837; x_wconf 89' lang='lat' dir='ltr'>iii.</span> <span class='ocrx_word' id='word_1_391' title='bbox 384 3800 422 3848; x_wconf 80' lang='lat'>13.</span> <span class='ocrx_word' id='word_1_392' title='bbox 436 3799 466 3846; x_wconf 81' lang='lat'>23</span> <span class='ocrx_word' id='word_1_393' title='bbox 480 3788 622 3836; x_wconf 88' lang='lat' dir='ltr'>‘contentio</span> <span class='ocrx_word' id='word_1_394' title='bbox 632 3794 670 3836; x_wconf 91' lang='lat' dir='ltr'>est</span> <span class='ocrx_word' id='word_1_395' title='bbox 682 3787 763 3836; x_wconf 89' lang='lat' dir='ltr'>oratio</span> <span class='ocrx_word' id='word_1_396' title='bbox 774 3787 837 3836; x_wconf 88' lang='lat' dir='ltr'>acris</span> <span class='ocrx_word' id='word_1_397' title='bbox 888 3788 968 3852; x_wconf 91' lang='lat' dir='ltr'>spisse</span> <span class='ocrx_word' id='word_1_398' title='bbox 995 3793 1070 3852; x_wconf 86' lang='lat' dir='ltr'>atque</span> <span class='ocrx_word' id='word_1_399' title='bbox 1091 3788 1134 3836; x_wconf 86' lang='lat' dir='ltr'>vix</span> <span class='ocrx_word' id='word_1_400' title='bbox 1163 3789 1195 3838; x_wconf 89' lang='lat' dir='ltr'>ad</span> <span class='ocrx_word' id='word_1_401' title='bbox 1222 3788 1360 3838; x_wconf 90' lang='lat' dir='ltr'>Antonium</span> <span class='ocrx_word' id='word_1_402' title='bbox 1382 3805 1467 3853; x_wconf 89' lang='lat' dir='ltr'>perve-</span> 
     </span>
     <span class='ocr_line' id='line_1_39' title="bbox 261 3850 985 3903; baseline 0.003 -3"><span class='ocrx_word' id='word_1_403' title='bbox 261 3853 336 3900; x_wconf 89' lang='lat' dir='ltr'>etad</span> <span class='ocrx_word' id='word_1_404' title='bbox 355 3850 550 3901; x_wconf 88' lang='lat' dir='ltr'>confirmandum</span> <span class='ocrx_word' id='word_1_405' title='bbox 567 3858 592 3901; x_wconf 90' lang='lat' dir='ltr'>et</span> <span class='ocrx_word' id='word_1_406' title='bbox 611 3853 644 3900; x_wconf 87' lang='lat' dir='ltr'>ad</span> <span class='ocrx_word' id='word_1_407' title='bbox 661 3853 838 3902; x_wconf 78' lang='lat' dir='ltr'>confutandum</span> <span class='ocrx_word' id='word_1_408' title='bbox 888 3853 985 3903; x_wconf 69' lang='lat' dir='ltr'>nimus!</span> 
     </span>
     <span class='ocr_line' id='line_1_40' title="bbox 261 3913 1467 3983; baseline 0.002 -17"><span class='ocrx_word' id='word_1_409' title='bbox 261 3913 465 3966; x_wconf 65' lang='lat' dir='ltr'>accommodata?</span> <span class='ocrx_word' id='word_1_410' title='bbox 922 3933 945 3982; x_wconf 93' lang='lat'>9.</span> <span class='ocrx_word' id='word_1_411' title='bbox 971 3920 1162 3968; x_wconf 82' lang='lat' dir='ltr'>adsiliendum</span> <span class='ocrx_word' id='word_1_412' title='bbox 1184 3941 1206 3960; x_wconf 96' lang='lat'><em>=</em></span> <span class='ocrx_word' id='word_1_413' title='bbox 1231 3935 1269 3968; x_wconf 89' lang='lat' dir='ltr'>we</span> <span class='ocrx_word' id='word_1_414' title='bbox 1299 3918 1392 3968; x_wconf 89' lang='lat' dir='ltr'>should</span> <span class='ocrx_word' id='word_1_415' title='bbox 1420 3935 1467 3983; x_wconf 87' lang='lat' dir='ltr'>say</span> 
     </span>
    </p>

    <p class='ocr_par' dir='ltr' id='par_1_10' title="bbox 293 3979 1058 4046">
     <span class='ocr_line' id='line_1_41' title="bbox 293 3979 1058 4046; baseline 0.004 -17"><span class='ocrx_word' id='word_1_416' title='bbox 293 3998 317 4046; x_wconf 83' lang='lat'>4.</span> <span class='ocrx_word' id='word_1_417' title='bbox 333 3984 519 4039; x_wconf 85' lang='lat' dir='ltr'>humanitate,</span> <span class='ocrx_word' id='word_1_418' title='bbox 531 3979 635 4044; x_wconf 88' lang='lat' dir='ltr'>‘kindly</span> <span class='ocrx_word' id='word_1_419' title='bbox 647 3981 788 4034; x_wconf 65' lang='lat' dir='ltr'>character!</span> <span class='ocrx_word' id='word_1_420' title='bbox 890 3984 977 4033; x_wconf 86' lang='lat' dir='ltr'>‘burst</span> <span class='ocrx_word' id='word_1_421' title='bbox 988 3983 1058 4034; x_wconf 70' lang='lat' dir='ltr'>into!</span> 
     </span>
    </p>

    <p class='ocr_par' dir='ltr' id='par_1_11' title="bbox 259 4045 1467 4305">
     <span class='ocr_line' id='line_1_42' title="bbox 293 4045 1467 4113; baseline 0.003 -17"><span class='ocrx_word' id='word_1_422' title='bbox 293 4049 425 4096; x_wconf 82' lang='lat' dir='ltr'>conditur</span> <span class='ocrx_word' id='word_1_423' title='bbox 436 4045 493 4095; x_wconf 90' lang='lat' dir='ltr'>here</span> <span class='ocrx_word' id='word_1_424' title='bbox 506 4045 543 4093; x_wconf 87' lang='lat' dir='ltr'>‘is</span> <span class='ocrx_word' id='word_1_425' title='bbox 555 4046 686 4096; x_wconf 90' lang='lat' dir='ltr'>mellowed</span> <span class='ocrx_word' id='word_1_426' title='bbox 698 4049 718 4096; x_wconf 89' lang='lat'>:&#39;</span> <span class='ocrx_word' id='word_1_427' title='bbox 735 4065 774 4112; x_wconf 89' lang='lat' dir='ltr'>cp.</span> <span class='ocrx_word' id='word_1_428' title='bbox 786 4065 840 4097; x_wconf 80' lang='lat' dir='ltr'>con·</span> <span class='ocrx_word' id='word_1_429' title='bbox 923 4054 1004 4098; x_wconf 85' lang='lat' dir='ltr'>abest</span> <span class='ocrx_word' id='word_1_430' title='bbox 1023 4064 1040 4097; x_wconf 86' lang='lat' dir='ltr'>a</span> <span class='ocrx_word' id='word_1_431' title='bbox 1059 4063 1150 4110; x_wconf 78' lang='lat' dir='ltr'>eausa,</span> <span class='ocrx_word' id='word_1_432' title='bbox 1171 4049 1207 4097; x_wconf 89' lang='lat' dir='ltr'>‘it</span> <span class='ocrx_word' id='word_1_433' title='bbox 1224 4049 1246 4098; x_wconf 92' lang='lat' dir='ltr'>is</span> <span class='ocrx_word' id='word_1_434' title='bbox 1266 4048 1362 4113; x_wconf 82' lang='lat' dir='ltr'>foreign</span> <span class='ocrx_word' id='word_1_435' title='bbox 1378 4056 1406 4099; x_wconf 95' lang='lat' dir='ltr'>to</span> <span class='ocrx_word' id='word_1_436' title='bbox 1423 4050 1467 4100; x_wconf 87' lang='lat' dir='ltr'>the</span> 
     </span>
     <span class='ocr_line' id='line_1_43' title="bbox 259 4111 1466 4176; baseline 0.006 -17"><span class='ocrx_word' id='word_1_437' title='bbox 259 4113 331 4160; x_wconf 84' lang='lat' dir='ltr'>dirior</span> <span class='ocrx_word' id='word_1_438' title='bbox 347 4111 373 4160; x_wconf 91' lang='lat' dir='ltr'>in</span> <span class='ocrx_word' id='word_1_439' title='bbox 391 4116 403 4170; x_wconf 69' lang='grc' dir='ltr'><strong>ς</strong></span> <span class='ocrx_word' id='word_1_440' title='bbox 423 4121 477 4171; x_wconf 77' lang='lat'>227,</span> <span class='ocrx_word' id='word_1_441' title='bbox 491 4111 539 4159; x_wconf 86' lang='lat' dir='ltr'>and</span> <span class='ocrx_word' id='word_1_442' title='bbox 556 4111 599 4160; x_wconf 89' lang='lat' dir='ltr'>Or.</span> <span class='ocrx_word' id='word_1_443' title='bbox 611 4124 651 4174; x_wconf 84' lang='lat'>55.</span> <span class='ocrx_word' id='word_1_444' title='bbox 665 4113 841 4174; x_wconf 83' lang='lat' dir='ltr'>185‘0mnino</span> <span class='ocrx_word' id='word_1_445' title='bbox 890 4111 961 4166; x_wconf 70' lang='lat' dir='ltr'>case?</span> <span class='ocrx_word' id='word_1_446' title='bbox 995 4115 1050 4163; x_wconf 91' lang='lat' dir='ltr'>The</span> <span class='ocrx_word' id='word_1_447' title='bbox 1067 4111 1139 4162; x_wconf 75' lang='grc' dir='ltr'>πάθος</span> <span class='ocrx_word' id='word_1_448' title='bbox 1157 4115 1206 4163; x_wconf 91' lang='lat' dir='ltr'>and</span> <span class='ocrx_word' id='word_1_449' title='bbox 1223 4113 1280 4176; x_wconf 79' lang='grc' dir='ltr'><strong><em>ἦθος</em></strong></span> <span class='ocrx_word' id='word_1_450' title='bbox 1293 4115 1327 4164; x_wconf 94' lang='lat' dir='ltr'>do</span> <span class='ocrx_word' id='word_1_451' title='bbox 1344 4123 1466 4166; x_wconf 38' lang='grc' dir='ltr'>ῃοῖιοοη·</span> 
     </span>
     <span class='ocr_line' id='line_1_44' title="bbox 260 4175 1203 4242; baseline 0.004 -16"><span class='ocrx_word' id='word_1_452' title='bbox 260 4179 310 4226; x_wconf 92' lang='lat' dir='ltr'>duo</span> <span class='ocrx_word' id='word_1_453' title='bbox 322 4183 385 4237; x_wconf 89' lang='lat' dir='ltr'>sunt,</span> <span class='ocrx_word' id='word_1_454' title='bbox 397 4191 460 4240; x_wconf 90' lang='lat' dir='ltr'>qnae</span> <span class='ocrx_word' id='word_1_455' title='bbox 472 4175 588 4225; x_wconf 89' lang='lat' dir='ltr'>condiant</span> <span class='ocrx_word' id='word_1_456' title='bbox 600 4177 744 4238; x_wconf 89' lang='lat' dir='ltr'>orationem,</span> <span class='ocrx_word' id='word_1_457' title='bbox 754 4180 840 4228; x_wconf 86' lang='lat' dir='ltr'>verbo·</span> <span class='ocrx_word' id='word_1_458' title='bbox 890 4195 946 4230; x_wconf 87' lang='lat' dir='ltr'>cern</span> <span class='ocrx_word' id='word_1_459' title='bbox 957 4180 999 4228; x_wconf 91' lang='lat' dir='ltr'>the</span> <span class='ocrx_word' id='word_1_460' title='bbox 1011 4181 1082 4242; x_wconf 93' lang='lat' dir='ltr'>point</span> <span class='ocrx_word' id='word_1_461' title='bbox 1093 4186 1119 4228; x_wconf 86' lang='lat' dir='ltr'>at</span> <span class='ocrx_word' id='word_1_462' title='bbox 1131 4179 1203 4230; x_wconf 89' lang='lat' dir='ltr'>issue.</span> 
     </span>
     <span class='ocr_line' id='line_1_45' title="bbox 260 4242 1222 4305; baseline 0.001 -12"><span class='ocrx_word' id='word_1_463' title='bbox 260 4260 314 4293; x_wconf 91' lang='lat' dir='ltr'>rum</span> <span class='ocrx_word' id='word_1_464' title='bbox 325 4256 528 4304; x_wconf 90' lang='lat' dir='ltr'>numerorumque</span> <span class='ocrx_word' id='word_1_465' title='bbox 540 4242 697 4290; x_wconf 69' lang='lat' dir='ltr'>iucunditas!</span> <span class='ocrx_word' id='word_1_466' title='bbox 925 4257 962 4295; x_wconf 91' lang='lat'>11.</span> <span class='ocrx_word' id='word_1_467' title='bbox 979 4249 1126 4305; x_wconf 87' lang='lat' dir='ltr'>rationem,</span> <span class='ocrx_word' id='word_1_468' title='bbox 1140 4242 1222 4296; x_wconf 77' lang='lat' dir='ltr'>‘line&#39;</span> 
     </span>
    </p>

    <p class='ocr_par' dir='ltr' id='par_1_12' title="bbox 262 4306 1465 4504">
     <span class='ocr_line' id='line_1_46' title="bbox 293 4306 1465 4375; baseline 0.002 -17"><span class='ocrx_word' id='word_1_469' title='bbox 293 4311 420 4358; x_wconf 79' lang='lat' dir='ltr'>remissio</span> <span class='ocrx_word' id='word_1_470' title='bbox 436 4309 571 4366; x_wconf 79' lang='lat' dir='ltr'>lenitatis,</span> <span class='ocrx_word' id='word_1_471' title='bbox 587 4306 643 4357; x_wconf 87' lang='lat' dir='ltr'>‘the</span> <span class='ocrx_word' id='word_1_472' title='bbox 657 4308 733 4358; x_wconf 89' lang='lat' dir='ltr'>lower</span> <span class='ocrx_word' id='word_1_473' title='bbox 743 4315 802 4359; x_wconf 93' lang='lat' dir='ltr'>tone</span> <span class='ocrx_word' id='word_1_474' title='bbox 813 4307 843 4359; x_wconf 90' lang='lat' dir='ltr'>of</span> <span class='ocrx_word' id='word_1_475' title='bbox 924 4323 962 4368; x_wconf 77' lang='lat'>13.</span> <span class='ocrx_word' id='word_1_476' title='bbox 979 4314 1125 4370; x_wconf 81' lang='lat' dir='ltr'>adripitur,</span> <span class='ocrx_word' id='word_1_477' title='bbox 1140 4311 1177 4359; x_wconf 90' lang='lat' dir='ltr'>‘is</span> <span class='ocrx_word' id='word_1_478' title='bbox 1188 4310 1281 4374; x_wconf 87' lang='lat' dir='ltr'>caught</span> <span class='ocrx_word' id='word_1_479' title='bbox 1296 4309 1348 4374; x_wconf 89' lang='lat' dir='ltr'>up,&#39;</span> <span class='ocrx_word' id='word_1_480' title='bbox 1359 4309 1406 4360; x_wconf 82' lang='lat' dir='ltr'>ie.</span> <span class='ocrx_word' id='word_1_481' title='bbox 1418 4325 1465 4375; x_wconf 86' lang='lat' dir='ltr'>ap·</span> 
     </span>
     <span class='ocr_line' id='line_1_47' title="bbox 262 4372 1398 4440; baseline 0 -16"><span class='ocrx_word' id='word_1_482' title='bbox 262 4393 277 4424; x_wconf 86' lang='lat' dir='ltr'>a</span> <span class='ocrx_word' id='word_1_483' title='bbox 299 4375 366 4440; x_wconf 89' lang='lat' dir='ltr'>quiet</span> <span class='ocrx_word' id='word_1_484' title='bbox 395 4373 478 4438; x_wconf 89' lang='lat' dir='ltr'>gentle</span> <span class='ocrx_word' id='word_1_485' title='bbox 503 4372 628 4438; x_wconf 85' lang='lat' dir='ltr'>delivery.’</span> <span class='ocrx_word' id='word_1_486' title='bbox 668 4374 789 4440; x_wconf 73' lang='lat' dir='ltr'>Nagelsb.</span> <span class='ocrx_word' id='word_1_487' title='bbox 812 4391 838 4439; x_wconf 92' lang='lat' dir='ltr'>p.</span> <span class='ocrx_word' id='word_1_488' title='bbox 889 4374 1029 4439; x_wconf 88' lang='lat' dir='ltr'>prehended</span> <span class='ocrx_word' id='word_1_489' title='bbox 1040 4377 1074 4438; x_wconf 90' lang='lat' dir='ltr'>by</span> <span class='ocrx_word' id='word_1_490' title='bbox 1085 4376 1127 4424; x_wconf 84' lang='lat' dir='ltr'>the</span> <span class='ocrx_word' id='word_1_491' title='bbox 1140 4376 1219 4424; x_wconf 89' lang='lat' dir='ltr'>‘ratio</span> <span class='ocrx_word' id='word_1_492' title='bbox 1231 4374 1398 4426; x_wconf 84' lang='lat' dir='ltr'>audientium’</span> 
     </span>
     <span class='ocr_line' id='line_1_48' title="bbox 264 4441 1465 4504; baseline 0.003 -17"><span class='ocrx_word' id='word_1_493' title='bbox 264 4443 317 4489; x_wconf 80' lang='lat'>128.</span> <span class='ocrx_word' id='word_1_494' title='bbox 925 4451 962 4502; x_wconf 86' lang='lat'>15.</span> <span class='ocrx_word' id='word_1_495' title='bbox 970 4444 1108 4501; x_wconf 83' lang='lat' dir='ltr'>intuleris,</span> <span class='ocrx_word' id='word_1_496' title='bbox 1119 4441 1186 4490; x_wconf 90' lang='lat' dir='ltr'>sc.id</span> <span class='ocrx_word' id='word_1_497' title='bbox 1194 4456 1271 4504; x_wconf 93' lang='lat' dir='ltr'>genus</span> <span class='ocrx_word' id='word_1_498' title='bbox 1279 4441 1410 4490; x_wconf 88' lang='lat' dir='ltr'>orationis:</span> <span class='ocrx_word' id='word_1_499' title='bbox 1425 4445 1465 4491; x_wconf 86' lang='lat' dir='ltr'>‘as</span> 
     </span>
    </p>

    <p class='ocr_par' dir='ltr' id='par_1_13' title="bbox 261 4504 1466 4704">
     <span class='ocr_line' id='line_1_49' title="bbox 295 4504 1366 4570; baseline 0.001 -17"><span class='ocrx_word' id='word_1_500' title='bbox 295 4513 317 4566; x_wconf 79' lang='lat'>7.</span> <span class='ocrx_word' id='word_1_501' title='bbox 334 4506 469 4553; x_wconf 85' lang='lat' dir='ltr'>advitam</span> <span class='ocrx_word' id='word_1_502' title='bbox 484 4508 513 4553; x_wconf 91' lang='lat' dir='ltr'>et</span> <span class='ocrx_word' id='word_1_503' title='bbox 523 4517 623 4565; x_wconf 85' lang='lat' dir='ltr'>mores,</span> <span class='ocrx_word' id='word_1_504' title='bbox 634 4504 651 4553; x_wconf 92' lang='lat' dir='ltr'>i.</span> <span class='ocrx_word' id='word_1_505' title='bbox 658 4520 679 4554; x_wconf 89' lang='lat' dir='ltr'>e.</span> <span class='ocrx_word' id='word_1_506' title='bbox 691 4509 718 4554; x_wconf 89' lang='lat' dir='ltr'>to</span> <span class='ocrx_word' id='word_1_507' title='bbox 730 4505 838 4570; x_wconf 91' lang='lat' dir='ltr'>produoe</span> <span class='ocrx_word' id='word_1_508' title='bbox 888 4519 951 4554; x_wconf 87' lang='lat' dir='ltr'>soon</span> <span class='ocrx_word' id='word_1_509' title='bbox 962 4520 990 4553; x_wconf 88' lang='lat' dir='ltr'>as</span> <span class='ocrx_word' id='word_1_510' title='bbox 1001 4521 1050 4569; x_wconf 91' lang='lat' dir='ltr'>you</span> <span class='ocrx_word' id='word_1_511' title='bbox 1061 4507 1124 4554; x_wconf 84' lang='lat' dir='ltr'>have</span> <span class='ocrx_word' id='word_1_512' title='bbox 1135 4505 1220 4554; x_wconf 88' lang='lat' dir='ltr'>struck</span> <span class='ocrx_word' id='word_1_513' title='bbox 1229 4506 1284 4554; x_wconf 88' lang='lat' dir='ltr'>that</span> <span class='ocrx_word' id='word_1_514' title='bbox 1293 4509 1366 4556; x_wconf 68' lang='lat' dir='ltr'>note!</span> 
     </span>
     <span class='ocr_line' id='line_1_50' title="bbox 261 4568 1466 4636; baseline 0.006 -19"><span class='ocrx_word' id='word_1_515' title='bbox 261 4568 433 4618; x_wconf 84' lang='lat' dir='ltr'>afavourable</span> <span class='ocrx_word' id='word_1_516' title='bbox 448 4570 594 4633; x_wconf 92' lang='lat' dir='ltr'>impression</span> <span class='ocrx_word' id='word_1_517' title='bbox 612 4570 642 4620; x_wconf 81' lang='lat' dir='ltr'>oi</span> <span class='ocrx_word' id='word_1_518' title='bbox 654 4573 722 4624; x_wconf 89' lang='lat' dir='ltr'>one&#39;s</span> <span class='ocrx_word' id='word_1_519' title='bbox 733 4571 776 4622; x_wconf 86' lang='lat' dir='ltr'>life</span> <span class='ocrx_word' id='word_1_520' title='bbox 788 4571 838 4621; x_wconf 88' lang='lat' dir='ltr'>and</span> <span class='ocrx_word' id='word_1_521' title='bbox 922 4585 960 4632; x_wconf 90' lang='lat'>19.</span> <span class='ocrx_word' id='word_1_522' title='bbox 978 4573 1065 4618; x_wconf 80' lang='lat' dir='ltr'>simili</span> <span class='ocrx_word' id='word_1_523' title='bbox 1086 4575 1267 4620; x_wconf 85' lang='lat' dir='ltr'>contentione</span> <span class='ocrx_word' id='word_1_524' title='bbox 1287 4574 1416 4636; x_wconf 81' lang='lat' dir='ltr'>sotionis,</span> <span class='ocrx_word' id='word_1_525' title='bbox 1434 4575 1466 4624; x_wconf 80' lang='lat' dir='ltr'>‘a</span> 
     </span>
     <span class='ocr_line' id='line_1_51' title="bbox 261 4633 1352 4704; baseline 0 -18"><span class='ocrx_word' id='word_1_526' title='bbox 261 4633 387 4686; x_wconf 84' lang='lat' dir='ltr'>character</span> <span class='ocrx_word' id='word_1_527' title='bbox 398 4653 403 4685; x_wconf 89' lang='lat'><strong>:</strong></span> <span class='ocrx_word' id='word_1_528' title='bbox 422 4634 464 4686; x_wconf 87' lang='lat' dir='ltr'>the</span> <span class='ocrx_word' id='word_1_529' title='bbox 474 4637 612 4686; x_wconf 78' lang='lat' dir='ltr'>conciliatio.</span> <span class='ocrx_word' id='word_1_530' title='bbox 886 4635 1080 4704; x_wconf 84' lang='lat' dir='ltr'>corresponding</span> <span class='ocrx_word' id='word_1_531' title='bbox 1091 4650 1181 4702; x_wconf 88' lang='lat' dir='ltr'>energy</span> <span class='ocrx_word' id='word_1_532' title='bbox 1192 4636 1222 4686; x_wconf 84' lang='lat' dir='ltr'>of</span> <span class='ocrx_word' id='word_1_533' title='bbox 1228 4635 1352 4702; x_wconf 88' lang='lat' dir='ltr'>delivery.&#39;</span> 
     </span>
    </p>
   </div>
   <div class='ocr_carea' id='block_1_5' title="bbox 0 0 1648 5036">
    <p class='ocr_par' dir='ltr' id='par_1_14' title="bbox 0 0 1648 5036">
     <span class='ocr_line' id='line_1_52' title="bbox 0 0 1648 5036; baseline 0 0"><span class='ocrx_word' id='word_1_534' title='bbox 0 0 1648 5036; x_wconf 95' lang='lat' dir='ltr'> </span> 
     </span>
    </p>
   </div>
  </div>
 </body>
</html>
