3286 5036
268 454 331 519 290
602 437 655 502 M.
684 437 858 504 TULLII
879 435 1143 506 CICERONIS

268 633 304 689 tu
334 624 508 689 incendere
537 624 688 700 iudicem,
720 625 778 690 sed
809 626 879 708 ipse
908 625 1023 688 ardere
1048 623 1197 688 videaris.
1246 625 1366 707 Neque
1395 623 1465 689 fieri
1478 639 1533 687 tao

268 737 388 810 potest,
417 739 455 793 ut
481 730 593 794 doleat
615 731 651 808 is,
677 732 733 812 qui
758 731 860 808 audit,
886 738 924 793 ut
949 729 1064 805 oderit,
1091 738 1129 793 ut
1154 729 1307 802 invideat,
1332 739 1369 794 ut
1392 750 1465 812 per-

267 833 420 896 timescat
450 833 584 915 aliquid,
616 842 653 897 ut
686 835 730 898 ad
764 833 879 897 fletum
915 833 1239 915 misericordiamque
1274 833 1465 909 deducatur,

268 937 329 999 nisi
345 957 460 1000 omnes
483 937 529 999 illi
553 946 671 1012 motus
688 957 772 1018 quos
794 946 904 1001 orator
925 936 1083 1000 adhibere
1096 935 1185 1000 volet
1207 937 1316 1012 iudici,
1339 939 1373 1000 in
1395 939 1465 1018 ipso

241 1050 398 1104 5oratore
428 1041 576 1123 impressi
607 1061 679 1104 esse
704 1050 807 1122 atque
836 1040 936 1102 inusti
963 1040 1171 1105 videbuntur.
1215 1040 1344 1123 Quodsi
1370 1040 1465 1104 fictus

269 1144 386 1225 aliquis
402 1144 496 1208 dolor
511 1144 737 1226 suscipiendus
749 1153 836 1208 esset
851 1154 885 1207 et
900 1145 927 1206 si
943 1143 976 1206 in
993 1143 1165 1207 eiusmodi
1180 1164 1300 1225 genere
1311 1145 1466 1209 orationis

268 1246 349 1310 nihil
376 1257 462 1312 esset
488 1249 549 1310 nisi
575 1248 693 1311 salsum
720 1256 821 1328 atque
850 1247 1035 1311 imitatione
1063 1247 1263 1327 simulatum,
1287 1250 1392 1312 maior
1413 1269 1466 1312 ars

268 1350 378 1432 aliqua
407 1351 542 1414 forsitan
572 1361 657 1415 esset
682 1351 895 1432 requirenda:
926 1370 1013 1413 nunc
1039 1371 1110 1432 ego,
1137 1351 1217 1433 quid
1243 1351 1313 1430 tibi,
1341 1350 1465 1429 Crasse,

269 1455 349 1536 quid
372 1456 487 1518 ceteris
509 1456 648 1530 accidat,
671 1455 802 1532 nescio;
826 1454 868 1517 de
888 1475 941 1517 me
961 1462 1073 1517 autem
1096 1475 1195 1518 cansa
1217 1455 1307 1519 nulla
1331 1465 1391 1530 est,
1410 1476 1466 1519 cur

226 1575 256 1612 10
269 1559 359 1638 apud
384 1557 534 1622 homines
556 1559 829 1641 prudentissimos
851 1568 952 1640 atque
974 1558 1190 1622 amicissimos
1212 1561 1371 1623 mentiar:
1402 1581 1467 1623 non

270 1682 324 1724 me
338 1661 469 1725 hercule
485 1680 643 1743 umquam
659 1663 748 1742 apud
764 1662 887 1724 iudices
903 1669 961 1725 aut
977 1661 1124 1725 dolorem
1139 1671 1197 1724 aut
1213 1663 1468 1727 misericordiam

268 1774 327 1829 aut
357 1765 513 1828 invidiam
540 1776 597 1829 aut
621 1765 734 1828 odium
768 1764 910 1828 dicendo
940 1767 1087 1829 excitare
1113 1766 1202 1829 volui
1231 1769 1309 1847 quin
1340 1769 1469 1848 ipsein

269 1869 517 1932 commovendis
532 1868 693 1932 iudicibus
715 1869 761 1931 eis
782 1869 860 1950 ipsis
876 1869 1034 1946 sensibus,
1050 1869 1093 1933 ad
1109 1891 1192 1952 quos
1213 1869 1286 1933 illos
1305 1870 1468 1934 adducere

267 1971 397 2046 vellem,
414 1991 638 2053 permoverer3
663 1992 769 2054 neque
791 1981 841 2036 est
857 1974 944 2034 enim
958 1972 1054 2037 facile
1074 1973 1236 2054 perficere,
1253 1982 1291 2037 ut
1311 1974 1467 2036 irascatur
1479 1985 1534 2031 190

226 2095 255 2146 15
269 2075 307 2152 ei,
323 2075 375 2138 cui
390 2083 426 2138 tu
442 2074 531 2148 velis,
549 2076 662 2150 iudex,
679 2075 706 2137 si
722 2083 758 2139 tu
779 2075 851 2157 ipse
869 2075 903 2139 id
924 2075 1014 2140 lente
1035 2075 1120 2139 ferre
1133 2076 1282 2154 videare;
1306 2086 1465 2158 nequent

269 2178 377 2241 oderit
399 2197 484 2255 eum,
508 2198 606 2259 quem
630 2188 666 2242 tu
688 2178 780 2253 velis,
801 2179 861 2241 nisi
884 2187 919 2242 te
941 2179 1049 2261 ipsum
1071 2178 1266 2262 flagrantem
1288 2180 1366 2243 odio
1387 2190 1466 2244 ante

267 2281 404 2359 viderit3
443 2302 550 2363 neque
579 2283 622 2346 ad
653 2283 909 2347 misericordiam
939 2284 1129 2362 adducetur,
1159 2286 1220 2348 nisi
1249 2293 1285 2349 tu
1317 2285 1346 2347 ei
1372 2285 1465 2366 signa

168 2375 170 2379 ¹
268 2385 391 2449 doloris
405 2385 454 2448 tui
472 2385 588 2460 verbiS,
605 2387 784 2465 sententiis,
799 2407 888 2464 voce,
901 2386 1002 2465 voltu,
1018 2388 1305 2452 conlacrimatione
1323 2388 1466 2470 denique

268 2489 469 2566 ostenderis3
493 2498 530 2552 nt
546 2492 633 2553 enim
650 2490 740 2552 nulla
756 2492 909 2554 materies
923 2499 993 2554 tam
1008 2490 1111 2556 facilis
1126 2493 1168 2555 ad
1185 2493 1465 2556 exardescendum

225 2614 256 2650 20
269 2601 328 2670 est,
344 2611 430 2672 quae
445 2592 506 2655 nisi
522 2594 659 2656 admoto
674 2594 741 2675 igni
756 2595 867 2677 ignem
887 2594 1059 2676 concipere
1079 2596 1192 2676 possit,
1208 2596 1254 2660 sic
1273 2595 1363 2660 nulla
1378 2616 1470 2660 mens

271 2753 293 2788 1.
312 2740 414 2788 incursus
431 2741 533 2790 videaris
551 2741 573 2790 B
588 2741 668 2808 Lagg.
682 2757 704 2800 a,
715 2758 747 2806 4:
764 2759 812 2857 ess}
826 2742 924 2857 addissifi
940 2741 1091 2858 Issambinus:
1116 2743 1216 2793 videaris
1231 2744 1321 2793 incendi
1338 2744 1371 2793 P:
1388 2747 1472 2794 ardere

770 2826 792 2858 vr
811 2827 872 2858 earrs
926 2846 932 2858 .
962 2843 969 2858 .

304 2946 325 2980 1.
343 2937 714 2991 sadipssarderovidesria:
731 2935 843 2988 ‘ardere'
895 2937 938 2986 the
963 2935 1021 2987 lack
1041 2937 1070 2987 ol
1094 2953 1110 2986 a
1133 2938 1226 3001 passive
1251 2939 1383 3004 participle
1407 2937 1470 2988 srom

269 2999 291 3047 is
308 2999 412 3048 omitted
428 3000 461 3065 by
472 3003 504 3052 A.
538 3003 588 3052 ΕΠ.
599 3003 663 3051 from
679 3019 748 3052 some
764 3010 843 3053 traces
897 3003 1019 3052 ‘imitari’

269 3065 295 3112 in
312 3065 354 3113 the
371 3066 449 3114 better
458 3067 537 3132 Lagg.
554 3069 625 3118 reads
644 3069 782 3118 ‘incende‘
798 3070 844 3118 but
928 3070 951 3118 8.
968 3083 1051 3128 nuno,
1073 3070 1114 3116 ‘as
1134 3068 1218 3132 things
1235 3068 1291 3117 are’
1311 3075 1337 3118 at
1359 3075 1468 3133 present;

269 3130 295 3178 in
309 3135 320 3189 ξ
335 3143 382 3192 190
393 3147 430 3180 we
440 3131 506 3182 have
517 3135 600 3181 ardens
612 3133 642 3183 ol
649 3135 691 3183 the
702 3141 786 3184 orator
794 3135 843 3184 and
895 3134 1008 3197 opposed
1030 3141 1057 3183 to
1084 3133 1127 3183 the
1153 3140 1239 3183 untrue
1265 3134 1410 3198 hypothesis
1434 3134 1469 3181 ‘si

268 3198 358 3243 incendi
371 3195 404 3244 'os
417 3197 598 3264 hisaudience,
614 3201 665 3263 (cp.
678 3200 720 3250 Or.
734 3203 772 3262 38.
787 3212 841 3260 132,
894 3199 1064 3262 suscipiendus
1080 3199 1160 3261 esset,'
1175 3205 1222 3250 etc.
1256 3201 1303 3263 Cp.
1317 3200 1420 3255 Kiihner
1436 3214 1469 3248 on

269 3261 465 3324 quotedbelow).
485 3263 585 3312 Besides
592 3263 842 3325 theform‘videaris,'
868 3301 871 3306 -
894 3263 967 3314 Tusc.
979 3264 1015 3314 iii.
1029 3277 1050 3315 1.
1064 3279 1086 3315 a.

268 3325 373 3373 unusual
389 3326 414 3373 in
426 3327 513 3376 Cicero
528 3329 567 3377 lor
579 3329 705 3388 ‘videare'
717 3331 800 3393 points
817 3336 843 3379 to
929 3342 967 3392 15.
984 3333 1021 3389 id,
1040 3335 1086 3392 put
1102 3329 1199 3393 loosely
1214 3328 1253 3378 lor
1274 3328 1317 3378 the
1335 3335 1425 3378 matter
1442 3334 1468 3377 at

269 3406 285 3438 a
302 3390 434 3454 preceding
445 3392 564 3442 infinitiva
580 3394 606 3441 in
616 3409 664 3441 -re:
680 3395 723 3443 the
737 3395 800 3460 form
817 3395 842 3443 in
894 3394 976 3443 which
987 3410 1036 3456 you
1047 3395 1126 3444 desire
1137 3401 1164 3443 to
1175 3410 1247 3444 ronse
1257 3395 1297 3443 his
1309 3411 1391 3458 anger.

269 3457 311 3502 -ris
322 3470 374 3502 was
386 3456 477 3505 chosen
491 3463 518 3506 to
535 3459 610 3507 avoid
626 3459 772 3523 cacophony
782 3459 843 3509 with
929 3461 966 3509 18.
984 3463 1228 3510 oollam-imatione.
1245 3461 1300 3508 The
1312 3467 1366 3524 part
1378 3458 1469 3523 played

269 3519 311 3570 the
323 3520 449 3571 infinitive.
894 3523 928 3587 by
934 3531 998 3573 tears
1006 3525 1031 3573 in
1042 3525 1085 3573 the
1092 3526 1188 3574 ancient
1198 3533 1296 3590 oratory
1302 3526 1323 3573 is
1333 3524 1469 3574 somewhat

302 3590 403 3644 ltaque
415 3590 477 3636 fleri
487 3591 588 3648 potest,
601 3593 646 3639 etc.
680 3588 728 3653 Cp.
744 3588 787 3640 Or.
803 3591 842 3649 38.
894 3597 921 3637 at
942 3591 1057 3638 varianae
1074 3591 1135 3639 with
1156 3607 1201 3640 our
1221 3593 1322 3640 modern
1344 3589 1469 3638 Northem

271 3665 316 3712 13²
342 3656 400 3701 ‘nec
424 3669 532 3717 unquam
558 3653 588 3714 is,
617 3654 659 3718 qui
684 3654 786 3714 audiret,
807 3655 843 3704 in·
894 3661 977 3705 tastes.
1012 3655 1059 3718 Cp.
1071 3654 1125 3705 Cic.
1134 3671 1179 3720 pro
1189 3656 1273 3706 Plane.
1285 3656 1318 3704 ad
1329 3654 1369 3704 fin.
1383 3655 1469 3719 ‘plura

268 3718 415 3777 uenderetur‚
428 3719 476 3767 nisi
489 3720 575 3768 ardens
591 3721 624 3768 ad
637 3735 693 3769 eum
708 3722 844 3784 perveniret
894 3735 925 3768 ne
935 3720 1017 3768 dicam
1026 3727 1083 3769 tuae
1094 3721 1122 3784 [i.
1127 3737 1148 3770 e.
1160 3720 1190 3770 of
1197 3721 1240 3770 the
1248 3721 1373 3785 presiding
1381 3719 1468 3784 judge]

269 3783 379 3831 oratio:'
398 3784 461 3834 Hor.
482 3787 513 3834 A.
531 3786 558 3834 P.
581 3798 624 3834 101
649 3789 689 3834 ‘ut
708 3786 843 3835 ridentibus
894 3800 933 3832 me
948 3785 1023 3833 etiam
1040 3785 1157 3835 lacrimae
1173 3787 1311 3850 impediunt
1321 3793 1469 3849 vestraeque,

269 3848 383 3907 arrident,
412 3849 448 3897 ita
475 3849 589 3898 flentibus
620 3849 726 3914 adsunt}
741 3851 843 3900 humani
894 3849 994 3909 iudices,
1012 3866 1062 3899 non
1080 3852 1160 3900 solum
1177 3851 1261 3901 meae.'
1294 3851 1328 3900 So
1344 3867 1390 3915 pro
1406 3850 1469 3900 Sest.

268 3912 364 3960 voltus:
388 3912 409 3960 si
429 3913 467 3961 vis
483 3930 523 3962 me
539 3914 603 3973 flere,
624 3916 757 3964 dolendum
773 3915 829 3981 estl
897 3929 935 3964 11.
962 3914 992 3963 26
1014 3916 1089 3965 ‘flens
1111 3917 1237 3965 universus
1260 3916 1321 3965 ordo
1343 3917 1470 3965 consulem

269 3977 376 4040 primum
392 3977 442 4040 ipsi
459 3978 519 4032 tibi;
537 3985 595 4026 tunc
605 3985 648 4027 tua
659 3996 699 4028 me
711 3981 843 4030 infortunia
895 3980 1011 4037 orabat3'
1029 3980 1068 4030 62.
1084 3976 1134 4042 130⁴
1143 3982 1335 4030 ‘collacrimavit
1350 3983 1389 4029 vir
1404 3996 1471 4045 egre·

267 4041 381 4091 laedent!
414 4041 518 4103 Quintil.
529 4043 562 4092 vi.
576 4058 597 4092 2.
611 4043 761 4093 26‘summa
769 4047 842 4106 enim,
894 4047 949 4110 gius
962 4063 991 4095 ac
1002 4062 1058 4096 vere
1069 4047 1202 4106 Metellus,'
1214 4047 1295 4096 where
1308 4046 1387 4095 Halm
1398 4053 1469 4094 notes

268 4113 386 4170 quantum
393 4121 440 4169 ego
445 4106 543 4169 quidem
548 4108 634 4166 sentio,
640 4109 704 4158 circa
709 4111 844 4159 movendos
896 4111 977 4174 ‘Apte
989 4113 1093 4161 contulit
1104 4112 1208 4160 Abrami
1224 4112 1381 4176 proverbium
1393 4110 1469 4160 Grae-

268 4172 369 4221 aflectus
387 4172 413 4220 in
429 4171 478 4219 hoc
494 4173 577 4234 posita
596 4179 640 4234 est,
658 4181 686 4222 ut
702 4191 844 4225 moveamur
895 4192 950 4225 cum
961 4176 1047 4238 ἀγαθοὶ
1059 4175 1078 4224 δ’
1089 4175 1225 4242 ἀριδάιιρυεςΙ
1235 4175 1345 4237 ἅνδρες;’
1356 4177 1469 4240 asaying

269 4237 344 4301 ipsiz'
362 4237 412 4301 (cp.
424 4236 467 4284 the
479 4239 597 4296 context).
893 4248 937 4290 not
959 4244 1052 4306 always
1069 4249 1135 4291 true:
1158 4258 1180 4292 e.
1187 4259 1212 4306 g.
1231 4243 1301 4291 Sulla
1324 4241 1384 4290 shed
1403 4245 1470 4290 tears'

301 4318 325 4363 4.
352 4305 491 4362 adhibere,
521 4303 607 4366 ‘bring
627 4309 654 4352 to
677 4303 736 4352 bear
758 4307 842 4369 upon,'
894 4308 1224 4372 readily(Plut.Syll.c.3o;
1241 4306 1468 4370 iii.183,Clough).

268 4368 486 4418 withareference
503 4373 529 4418 to
546 4369 843 4421 ‘adhiberemedicinam’
928 4385 965 4435 19.
982 4375 1073 4421 facilis
1091 4376 1128 4422 ad
1144 4375 1392 4431 exardescendum,
1417 4372 1469 4420 ‘in-

268 4433 389 4494 1115186.
892 4435 1062 4486 flammable:'
1087 4439 1125 4487 sor
1142 4439 1238 4487 similar
1254 4437 1410 4501 periphrases
1428 4453 1468 4501 cp.

302 4513 324 4561 5.
335 4501 432 4557 inusti,
441 4514 468 4548 as
477 4498 548 4550 usual
555 4498 618 4549 aster
625 4501 724 4566 ‘atque'
732 4508 843 4567 stronger
893 4501 1013 4565 N'agelsb.
1025 4501 1081 4552 Stil.
1093 4519 1118 4567 p.
1131 4515 1187 4565 342·

268 4562 329 4612 than
340 4565 450 4625 impressi.
927 4580 964 4615 20.
981 4569 1056 4622 igni:
1073 4582 1102 4616 so
1119 4568 1144 4615 A
1163 4567 1212 4616 and
1227 4572 1296 4615 most
1313 4565 1386 4616 MSS.
1401 4565 1467 4616 here.

303 4640 325 4690 7.
352 4631 509 4679 imitatione
534 4633 705 4693 simulatum,
730 4630 841 4697 supplies
891 4629 969 4692 Neue,
982 4630 1008 4682 i'.
1030 4647 1074 4696 pp.
1098 4645 1207 4681 220-221
1226 4633 1296 4698 gives
1313 4647 1329 4680 a
1348 4647 1406 4698 very
1420 4631 1468 4680 full
