3310 5040
590 429 661 493 na
686 428 919 495 parrona
940 431 989 494 rr.
1329 445 1391 517 279

191 616 279 680 tibus
306 619 415 699 pueris
445 619 477 682 in
508 640 545 682 os
572 618 736 698 inserant,
769 620 820 683 sin
850 620 893 683 sit
916 618 954 694 is,
981 619 1037 702 qui
1067 627 1102 683 et
1131 619 1280 683 doctrina
1311 620 1391 684 mihi

190 719 369 786 liberaliter
394 723 564 787 institutus
590 732 624 786 et
650 723 762 804 aliquo
792 722 858 785 iam
886 722 1032 785 imbutus
1062 743 1121 786 usu
1152 732 1186 787 et
1215 725 1295 787 satis
1325 723 1391 788 acri

190 825 323 907 ingenio
364 849 437 890 esse
472 827 630 906 videatur,
666 825 743 890 illuc
779 847 854 889 eum
892 826 1028 908 rapiam,
1063 827 1119 890 ubi
1161 847 1227 890 non
1265 828 1391 892 seclusa

190 928 300 1012 aliqua
329 932 424 995 acula
454 940 612 1005 teneatur,
638 931 697 994 sed
731 929 819 993 unde
848 930 1037 992 universum
1066 929 1190 994 flumen
1220 940 1391 1014 erumpat3

190 1035 246 1114 qui
273 1034 320 1098 illi
346 1036 434 1099 sedis
460 1045 493 1100 et
520 1035 613 1116 quasi
639 1033 807 1097 domicilia
833 1032 983 1096 omnium
1008 1044 1276 1115 argumentorum
1302 1057 1419 1109 com-5

122 1156 174 1202 16³
190 1146 351 1202 monstret
370 1149 403 1202 et
424 1160 463 1202 ea
478 1139 621 1203 breviter
635 1137 788 1200 inlustret
807 1136 981 1218 verbisque
1001 1135 1146 1200 definiat.
1193 1138 1283 1220 Quid
1303 1141 1392 1203 enim

189 1250 248 1319 est,
273 1242 305 1304 in
336 1263 403 1324 quo
426 1242 568 1319 haereat,
594 1241 650 1324 qui
679 1241 798 1304 viderit
821 1259 928 1317 omne,
955 1241 1046 1320 quod
1077 1251 1226 1305 sumatur
1255 1243 1288 1304 in
1317 1263 1400 1310 ora-.

189 1345 279 1408 tione
294 1354 352 1409 aut
375 1347 418 1410 ad
441 1344 650 1428 probandum
673 1353 732 1408 aut
755 1344 797 1406 ad
822 1342 1037 1406 refellendum
1053 1352 1111 1407 aut
1126 1365 1172 1407 ex
1186 1365 1245 1408 sua
1261 1347 1345 1409 sumi
1359 1347 1392 1411 vi

189 1458 290 1530 atque
313 1458 429 1512 natura
449 1459 507 1513 aut
529 1449 659 1512 adsumi
674 1445 773 1510 foris?
798 1467 843 1510 ex
864 1466 923 1509 sua
937 1448 978 1525 vi,
994 1467 1070 1510 cum
1093 1457 1221 1512 autres
1244 1450 1394 1531 quaesit

189 1559 262 1615 tota
285 1561 470 1634 quaeratur,
491 1561 550 1616 aut
574 1571 650 1635 pars
677 1552 746 1615 eius
769 1559 828 1614 aut
849 1550 1047 1614 vocabulum
1073 1553 1162 1633 quod
1187 1551 1309 1616 habeat
1335 1563 1393 1620 aut
1407 1583 1437 1621 ro

190 1655 370 1738 quippiam,
385 1676 455 1720 rem
477 1655 568 1720 illam
590 1657 679 1738 quod
700 1657 862 1737 attingat;
887 1655 1091 1719 extrinsecus
1110 1664 1230 1734 autem,
1247 1677 1322 1719 cum
1341 1678 1390 1734 ea,

121 1780 176 1827 164
190 1777 276 1838 quae
295 1768 372 1822 sunt
393 1759 470 1822 soris
492 1780 600 1841 neque
623 1757 793 1822 inhaerent
816 1759 850 1820 in
871 1758 916 1820 rei
939 1767 1065 1835 natura,
1091 1757 1308 1839 conliguntur.
1354 1760 1390 1824 Si

190 1880 240 1923 res
265 1870 336 1924 tota
362 1863 536 1942 quaeritur,
561 1862 754 1926 definitione
776 1861 926 1924 universa
946 1861 996 1924 vis
1020 1860 1217 1943 explicanda
1240 1871 1299 1940 est,
1322 1865 1389 1928 sic:

189 1950 233 2026 ‘si
250 1965 406 2028 maiestas
420 1974 471 2028 est
485 1965 674 2048 amplitudo
689 1985 728 2029 ac
743 1965 887 2046 dignitas
899 1965 1049 2043 civitatis,
1062 1967 1089 2028 is
1105 1985 1179 2030 earn
1192 1965 1319 2044 minuit,
1332 1968 1389 2050 qui

225 2163 246 2200 1.
263 2152 379 2200 milu'om.
392 2151 474 2214 ABby
485 2151 519 2200 K.
602 2154 626 2201 8.
639 2137 786 2213 probandum
805 2149 981 2215 [refellendum]
1000 2150 1040 2198 K:
1066 2149 1209 2198 irroratione
1226 2155 1390 2214 autresellen-

189 2218 245 2264 dum
256 2217 288 2266 A.
303 2217 345 2276 (de
357 2233 407 2280 quo
419 2233 506 2281 parum
518 2221 583 2266 recte
594 2216 737 2266 testificatur
748 2216 794 2279 K).
878 2229 916 2266 10.
933 2225 1059 2280 quaeratur
1070 2216 1142 2265 codd.
1154 2214 1209 2265 PS:
1225 2221 1342 2280 quaeritur
1354 2219 1387 2269 K.

191 2293 228 2344 13.
245 2283 280 2329 vis
291 2297 341 2331 om.
353 2282 380 2330 K
391 2298 448 2331 cum
459 2282 531 2333 codd.
541 2289 602 2332 mut

222 2457 276 2508 The
292 2459 361 2508 word
377 2475 462 2510 means
479 2458 613 2524 originally
629 2458 765 2514 ‘moisten’
815 2457 846 2507 oi
858 2459 1001 2524 experience
1018 2459 1052 2523 by
1063 2459 1113 2508 this
1125 2458 1200 2512 tune?
1234 2461 1282 2525 Cp.
1295 2461 1390 2519 Cicero,

189 2529 219 2574 rt.
231 2527 297 2572 mad:
317 2540 356 2589 cp.
368 2525 481 2581 Corssen.
491 2525 565 2575 Beitr.
580 2524 641 2588 246;
653 2525 765 2576 Roscher
815 2523 880 2574 Phil.
898 2541 921 2574 x.
936 2539 973 2574 ro.
993 2539 1022 2572 10
1041 2532 1101 2574 ‘nos
1118 2527 1154 2575 ita
1171 2545 1186 2576 a
1202 2527 1337 2576 maioribus
1355 2529 1390 2576 in·

189 2590 215 2638 in
227 2589 334 2639 Curtius'
346 2589 455 2650 Studien,
468 2591 503 2640 iii.
517 2604 572 2652 133.
814 2589 895 2638 stituti
906 2597 979 2654 atque
991 2590 1079 2639 imbuti
1091 2607 1173 2640 sumus
1185 2595 1228 2649 ut‚'
1239 2600 1285 2642 etc.

220 2659 353 2709 nutrices.
382 2655 475 2719 always
495 2655 557 2705 with
583 2671 598 2704 a
622 2655 701 2705 direct
727 2670 763 2705 re·
848 2658 965 2716 3.i11no‚
987 2657 1003 2705 i.
1021 2672 1042 2706 e.
1067 2655 1099 2705 ad
1121 2657 1290 2714 Aristotelem,
1312 2656 1390 2708 hence

187 2718 282 2770 ference
299 2726 326 2770 to
342 2721 447 2785 seeding.
459 2720 509 2771 and
520 2722 611 2770 almost
624 2721 717 2784 always
735 2742 758 2762 =
813 2717 932 2770 followed
944 2722 977 2785 by
987 2723 1028 2784 qui
1035 2738 1043 2769 .·
1062 2729 1105 2771 ‘to
1117 2723 1172 2772 that
1183 2721 1284 2773 source?

188 2785 340 2841 ‘wetnurse’
348 2786 399 2836 like
407 2785 450 2835 the
456 2787 551 2836 French
557 2789 666 2835 norrrrice
673 2787 762 2850 [hence
846 2800 870 2847 4.
888 2789 975 2846 aoula,
994 2786 1053 2837 ini.
1073 2796 1095 2849 7.
1115 2790 1145 2837 28
1157 2788 1186 2839 of
1194 2806 1209 2839 a
1222 2788 1314 2838 brook:
1330 2787 1389 2838 here

188 2853 315 2900 nutrices=
324 2853 431 2902 ‘breasts
441 2853 447 2870 '
459 2853 485 2901 in
497 2852 588 2902 Catull.
598 2851 656 2900 lxiv.
666 2851 708 2915 18]
717 2859 761 2901 not
812 2851 896 2901 rather
906 2852 935 2901 of
943 2868 959 2900 a
970 2851 1046 2916 pond.

188 2915 227 2964 sor
256 2916 352 2966 ‘bonne
391 2916 527 2974 densans:
555 2917 637 2966 which
665 2917 686 2965 is
708 2934 762 2966 assa
848 2930 870 2978 5.
887 2920 963 2966 aedis
980 2940 1002 2957 =
1018 2915 1096 2974 τόποι,
1114 2933 1144 2969 or
1160 2917 1243 2978 ‘loci,’
1259 2923 1272 2978 5
1288 2931 1351 2979 121;
1372 2920 1388 2970 i.

188 2981 253 3040 (luv.
276 2983 325 3032 xiv.
346 2984 392 3031 208
410 2982 472 3031 with
490 2981 600 3047 Mayor’s
615 2984 695 3040 note),
716 2998 762 3031 nor
815 2994 852 3044 13.
865 2981 897 3044 56
909 2982 999 3043 (note).

187 3045 227 3094 for
237 3063 253 3096 a
264 3045 430 3102 ‘sicle-nurse:
442 3047 481 3096 sor
490 3047 574 3095 which
586 3047 761 3111 aperiphrasis
846 3061 869 3110 9.
886 3050 963 3106 foris,
979 3053 991 3105 ξ
1006 3056 1061 3109 173.

187 3117 254 3160 must
270 3112 302 3160 be
318 3111 386 3161 used.
421 3111 445 3161 It
457 3112 478 3160 is
488 3118 533 3161 not
543 3127 671 3174 necessary
683 3118 710 3160 to
721 3128 761 3160 ex·
845 3127 882 3161 ex
907 3127 958 3160 aua
982 3114 1019 3166 vi.
1038 3111 1116 3161 ‘from
1140 3111 1183 3161 the
1211 3112 1336 3162 character
1363 3113 1392 3163 of

187 3176 245 3225 tend
267 3177 310 3225 the
331 3175 448 3240 meaning
464 3176 494 3225 os
510 3177 552 3226 the
571 3177 640 3226 word
658 3193 719 3226 even
736 3177 761 3225 in
811 3174 854 3225 the
865 3175 1072 3238 subject-matter,’
1083 3177 1125 3226 i.e.
1137 3178 1180 3227 the
1187 3175 1286 3238 ἄτεχνοι
1299 3176 1389 3227 πίστεις

188 3241 273 3304 Quint.
285 3242 302 3292 i.
317 3254 337 3292 1.
350 3258 366 3302 4
384 3249 455 3291 ‘ante
467 3243 551 3291 omnia
561 3257 592 3291 ne
609 3242 642 3291 sit
657 3241 762 3291 vitiosus
812 3242 851 3290 ‘in
862 3257 888 3292 re
899 3240 1036 3306 positae.’§
1051 3241 1107 3292 116.

185 3322 266 3356 sermo
292 3307 435 3364 nutricibus,
463 3322 524 3371 quas
551 3308 574 3356 si
595 3306 647 3356 fieri
669 3314 761 3371 posset,
847 3321 885 3357 ιο.
902 3312 985 3365 quod,
1004 3308 1185 3373 interrogative,
1207 3313 1251 3357 not
1272 3308 1387 3364 relative;

185 3373 309 3436 sapientes
326 3373 480 3437 Chrysippus
500 3372 612 3437 optavit!
656 3373 762 3429 Nonius,
811 3373 950 3422 vocabulum
965 3373 1040 3438 being
1056 3373 1164 3437 prefixed
1181 3373 1220 3423 for
1234 3374 1276 3423 the
1291 3374 1351 3423 sake
1362 3373 1392 3424 of

191 3449 245 3498 140.
256 3451 286 3500 14
293 3445 379 3502 quotes
391 3438 454 3487 from
465 3438 545 3488 Varro
556 3438 629 3486 Γνῶθι
642 3437 759 3485 σεαυτόνε
812 3437 945 3504 emphasis.

186 3502 266 3551 ‘Dein
278 3511 342 3553 certe
353 3503 397 3552 alii
409 3503 491 3560 fluctu,
502 3510 530 3552 ut
540 3504 632 3553 siceum
646 3501 651 3566 Ι
666 3508 763 3568 pareret
848 3517 885 3554 11.
902 3508 979 3561 quod
990 3506 1119 3564 samgar,
1133 3503 1229 3553 ‘which
1241 3520 1356 3553 concems
1366 3501 1386 3551 ε’

186 3582 307 3625 mansum,
329 3584 379 3633 quo
406 3584 521 3619 venarum
536 3567 540 3635 Ι
554 3569 673 3634 sanguine
694 3570 761 3618 rivos
812 3584 852 3633 cp.
872 3569 903 3618 de
922 3568 971 3618 Off.
992 3570 1008 3619 i.
1024 3583 1063 3618 π.
1083 3569 1113 3631 76
1138 3573 1301 3632 ‘quamquam
1325 3569 1388 3619 haec

184 3632 333 3698 compleret?
812 3634 912 3698 quidem
930 3649 968 3684 res
985 3649 1035 3682 non
1052 3633 1134 3682 solum
1150 3649 1181 3681 ex
1197 3634 1334 3684 domestica
1350 3641 1388 3684 est

222 3713 243 3748 a.
261 3702 403 3748 imbutus:
424 3697 466 3749 the
484 3699 593 3764 primary
610 3699 726 3763 meaning
740 3699 761 3748 is
812 3699 923 3748 ratione:
941 3699 1042 3763 attingit
1053 3699 1129 3747 etiam
1140 3698 1271 3748 bellicam?

187 3768 228 3812 ‘to
244 3763 317 3813 make
334 3771 361 3813 to
377 3763 448 3812 drink
466 3765 492 3812 in
508 3765 547 3812 lor
563 3764 606 3814 the
621 3763 674 3812 first
685 3764 761 3813 time’
848 3777 885 3824 13.
902 3766 1036 3814 universa
1052 3767 1105 3814 vir.
1138 3763 1193 3812 The
1209 3764 1258 3813 last
1276 3764 1344 3813 word
1365 3764 1386 3814 is

188 3829 216 3886 (a
227 3829 353 3878 causative
360 3829 423 3878 from
430 3835 459 3878 rt.
469 3831 498 3877 bu
508 3845 513 3875 :
525 3845 565 3893 cp.
573 3831 625 3883 hau.
634 3837 640 3854 ‘
649 3828 760 3885 adrink‚’
812 3829 916 3877 omitted
927 3829 960 3893 by
970 3828 1013 3878 the
1023 3829 1096 3879 codd.
1107 3828 1196 3887 mutili,
1207 3830 1255 3878 and
1267 3829 1387 3880 therefore

186 3891 266 3942 Varro
277 3894 345 3958 apud
361 3894 427 3943 Non.
446 3910 470 3958 p.
483 3894 522 3945 81.
535 3897 572 3955 3),
582 3893 659 3943 hence
672 3895 760 3953 ‘stain,
811 3893 943 3943 bracketed
965 3894 999 3958 by
1024 3894 1082 3949 Ell..
1104 3894 1162 3944 who
1189 3909 1310 3959 supposes
1331 3895 1386 3945 that

186 3958 269 4022 tinge)
304 3959 352 4023 Cp.
365 3957 429 4008 Phil.
442 3959 491 4009 xiv.
510 3973 532 4022 3.
550 3956 565 4006 6
583 3959 689 4009 ‘imbuti
706 3975 760 4009 san·
813 3956 953 4009 ‘universa'
977 3960 1014 4018 (in
1041 3959 1081 4009 his
1108 3960 1172 4008 view
1194 3977 1210 4009 a
1231 3976 1297 4010 nom.
1320 3961 1384 4025 sing.

184 4025 259 4088 guine
273 4023 400 4088 legionum
415 4024 495 4088 gladii
511 4024 551 4072 vel
567 4025 699 4074 madefacti
716 4040 760 4088 po·
811 4025 927 4090 agreeing
942 4025 1004 4075 with
1021 4024 1103 4086 ‘res’)
1120 4041 1172 4075 was
1188 4025 1386 4076 misunderstood

186 4089 345 4148 tius,'where
353 4090 374 4137 it
383 4090 404 4138 is
419 4090 486 4153 quite
497 4090 587 4138 absurd
599 4090 660 4139 with
671 4090 760 4138 Manu·
810 4091 844 4155 by
862 4091 974 4154 ‘ineptus
995 4090 1039 4140 ille
1059 4090 1101 4155 qui
1120 4093 1154 4138 vis
1168 4089 1279 4140 addidit!
1313 4092 1385 4140 With

185 4155 234 4204 tius
252 4153 380 4215 (followed
397 4155 431 4220 by
446 4155 531 4220 Long)
547 4162 574 4204 to
585 4171 693 4220 suppose
704 4155 760 4205 that
810 4156 852 4205 the
862 4157 1013 4206 numberless
1024 4157 1147 4205 instances
1158 4156 1187 4207 of
1195 4157 1299 4206 careless
1311 4158 1385 4206 omis·

186 4221 273 4270 Cicero
290 4221 434 4270 substitutes
453 4237 468 4270 a
487 4219 586 4270 wealrer
603 4221 673 4270 word
689 4221 727 4270 sor
744 4237 760 4270 a
809 4222 877 4270 sious
889 4222 914 4269 in
923 4223 972 4282 Ab,
982 4228 1028 4272 etc.
1041 4222 1061 4270 it
1072 4223 1093 4270 is
1105 4221 1251 4286 impossible
1262 4227 1289 4270 to
1300 4221 1385 4271 attach

185 4291 297 4350 stronger
318 4301 372 4335 one.
417 4285 464 4351 Cp.
488 4286 522 4335 ib.
544 4302 568 4336 v.
588 4297 609 4350 7.
632 4300 663 4336 20
685 4289 759 4335 ‘cum
809 4286 882 4336 much
895 4287 1047 4352 importauce
1055 4293 1081 4336 to
1090 4286 1276 4336 theirevidence
1288 4287 1313 4334 in
1324 4287 1385 4335 such

185 4351 261 4399 semel
303 4351 415 4415 gladium
449 4351 567 4416 sanguine
601 4349 756 4401 imbuisset:’
810 4351 1384 4416 acaset-immediatelyabovermits⁴ad

185 4415 278 4466 Catull.
296 4415 353 4466 lxiv.
369 4416 472 4466 11‘illa
488 4417 573 4466 rudem
591 4433 661 4466 cursu
679 4418 759 4482 prima
809 4417 964 4482 probandum
980 4425 1023 4467 aut
1039 4416 1087 4473 ad,'
1103 4417 1203 4480 leaving
1217 4431 1385 4468 nonsenser—

185 4481 274 4528 imbuit
282 4481 449 4546 Amphitriten
458 4479 472 4538 ς’
480 4482 758 4544 Mart.viii.51.17‘im·
809 4483 859 4532 and
877 4484 1005 4532 ‘universa
1024 4481 1109 4531 vis'is
1127 4499 1142 4531 a
1158 4497 1215 4544 very
1231 4481 1327 4529 natural
1345 4496 1385 4529 ex·

186 4546 240 4594 buit
251 4561 264 4595 e
307 4547 376 4610 gium
386 4547 463 4610 digno
474 4547 537 4595 mihi
549 4554 646 4597 nectare
654 4548 759 4607 munus,'
809 4548 920 4612 pressiori
931 4548 969 4596 for
981 4547 1037 4596 ‘the
1047 4547 1146 4611 general
1158 4546 1304 4610 conception
1313 4545 1342 4595 ol
1349 4543 1384 4595 it.’

186 4617 232 4662 etc.
296 4612 402 4662 ranslate
421 4613 484 4662 ‘and
497 4611 559 4661 with
576 4627 644 4662 some
655 4614 759 4663 tincture
845 4626 883 4676 14.
900 4616 925 4662 ei
939 4615 1078 4673 maiestas,
1096 4618 1177 4669 etc.‚a
1192 4611 1292 4662 delence
1303 4611 1386 4662 which
