3286 5036
526 451 529 454 “
591 437 662 501 DE
689 437 783 540 ORfl
792 439 823 501 T
824 439 921 503 ORE
943 439 995 504 Il.

1330 454 1393 528 357

194 646 259 710 una
280 625 313 688 in
334 629 439 691 causis
460 628 543 692 ratio
558 630 721 710 quaedam
743 638 793 692 est
815 629 885 692 eius
904 628 1069 708 orationis,
1085 651 1171 712 quae
1192 629 1235 694 ad
1250 632 1392 713 proban-

194 731 272 793 dam
297 734 619 813 argumentationem
641 732 750 809 valet;
783 753 822 795 ea
848 742 960 796 autem
987 743 1021 796 et
1047 735 1331 799 confirmationem
1358 731 1403 799 et*

194 833 480 915 reprehensionem
497 838 644 916 quaerit;
667 836 726 899 sed
743 837 820 917 quia
837 857 944 918 neque
959 836 1161 918 reprehendi,
1177 858 1262 918 quae
1277 848 1392 902 contra

193 938 353 1016 dicuntur,
370 948 515 1020 possunt,
532 942 594 1003 nisi
617 949 674 1002 tua
691 939 872 1017 confirmes,
888 961 995 1022 neque
1017 941 1099 1004 haec
1120 941 1313 1019 confirmari,
1330 943 1390 1004 nisi

193 1040 250 1104 illa
273 1041 640 1124 reprehendas-idcirco
656 1043 737 1106 haec
754 1053 788 1106 et
804 1052 920 1107 natura
936 1053 970 1107 et
985 1043 1128 1107 utilitate
1144 1054 1178 1108 et
1193 1046 1418 1114 tractationes

43 1127 54 1140 ⁹
124 1162 178 1207 aaa
192 1146 366 1210 coniuncta
392 1158 478 1210 sunt.
535 1146 657 1210 Omnia
683 1156 795 1210 autem
820 1147 1047 1210 concludenda
1074 1147 1268 1230 plerumque
1293 1149 1390 1211 rebus

191 1250 351 1330 augendis
365 1251 416 1314 vel
433 1251 669 1314 inflammando
689 1251 795 1314 iudice
810 1250 863 1314 vel
887 1250 1089 1332 mitigando;
1113 1253 1290 1334 omniaque
1313 1271 1389 1314 cum

189 1355 409 1435 superioribus
438 1356 594 1418 orationis
623 1355 703 1419 locis
733 1364 805 1417 turn
836 1356 982 1417 maxime
1012 1365 1165 1417 extremo
1195 1357 1237 1418 ad
1268 1357 1389 1418 mentis

190 1457 335 1520 iudicum
358 1478 458 1539 quam
482 1459 628 1521 maxime
649 1459 888 1540 permovendas
915 1467 948 1521 et
971 1459 1013 1521 ad
1040 1457 1219 1521 utilitatem
1240 1469 1387 1521 nostram

189 1563 355 1624 vocandas
371 1562 566 1626 conferenda
582 1573 668 1625 sunt.

122 1667 175 1712 333
234 1664 352 1746 Neque
374 1686 454 1729 sane
476 1667 541 1728 iarn
565 1687 663 1730 causa
681 1667 812 1729 videtur
834 1687 905 1729 esse
927 1686 984 1730 cur
1006 1685 1215 1729 secernamus
1234 1686 1273 1728 ea
1294 1687 1387 1747 prae-

188 1777 294 1847 cepta,
324 1788 409 1848 quae
438 1771 480 1832 de
510 1770 716 1832 suasionibus
747 1770 908 1833 tradenda
939 1779 1016 1832 sunt
1046 1779 1104 1832 aut
1134 1768 1387 1847 laudationibus,

188 1880 265 1934 sunt
288 1872 375 1934 enim
398 1872 556 1955 pleraque
578 1874 775 1951 communia,
795 1875 856 1936 sed
880 1883 992 1936 tamen
1016 1873 1154 1936 suadere
1178 1872 1301 1954 aliquid
1328 1884 1386 1937 aut

188 1975 378 2038 dissuadere
393 1978 605 2058 gravissimae
627 1977 705 2039 mihi
721 1997 880 2058 personae
895 1978 1025 2041 videtur
1041 1997 1132 2053 esse;
1156 1996 1234 2039 nam
1251 1985 1284 2039 et
1298 1979 1386 2058 sapi·

188 2079 273 2140 entis
289 2088 338 2142 est
355 2079 526 2143 consilium
543 2080 711 2161 explicare
732 2100 828 2142 suum
849 2081 891 2142 de
912 2080 1067 2143 maximis
1083 2079 1180 2141 rebus
1202 2090 1235 2142 et
1255 2078 1385 2143 honesti
1402 2099 1430 2153 ¹5

189 2190 223 2243 et
245 2182 367 2258 diserti,
385 2192 420 2246 ut
443 2193 555 2247 mente
578 2185 757 2265 providere,
772 2183 969 2246 auctoritate
985 2183 1132 2265 probare,
1147 2184 1295 2246 oratione
1314 2205 1386 2266 per·

124 2284 175 2350 82
189 2286 327 2349 suadere
342 2289 455 2368 possis.
501 2286 617 2369 Atque
632 2286 713 2350 haec
734 2287 767 2349 in
788 2296 903 2348 senatu
926 2287 1051 2348 minore
1073 2296 1233 2369 apparatu
1256 2287 1386 2368 agenda

188 2397 285 2465 sunt;
308 2390 439 2471 sapiens
460 2391 547 2452 enirn
571 2399 621 2453 est
644 2389 817 2453 consilium
843 2389 1022 2471 multisque
1044 2389 1116 2451 aliis
1137 2389 1267 2452 dicendi
1289 2389 1386 2453 relin-

188 2492 338 2572 quendus
375 2492 475 2571 locuS,
505 2495 641 2556 vitanda
671 2495 771 2556 etiam
805 2494 926 2574 ingenii
956 2493 1187 2556 ostentationis
1221 2495 1384 2574 suspicio:
1467 2521 1469 2525 ⁴

119 2613 174 2662 ³34
188 2595 298 2658 contio
321 2597 409 2677 capit
431 2616 565 2658 omnem
586 2598 654 2659 vim
675 2597 833 2659 orationis
853 2604 887 2658 et
907 2596 1104 2677 gravitatem
1124 2596 1385 2678 varietatemque
1401 2625 1432 2660 ιο

186 2698 361 2763 desiderat.
407 2699 497 2781 Ergo
513 2701 546 2762 in
561 2700 733 2762 suadendo
749 2698 828 2761 nihil
844 2709 894 2761 est
910 2697 1088 2780 optabilius
1103 2718 1203 2778 quam
1221 2700 1385 2780 dignitas;

184 2821 262 2863 narn
278 2804 333 2884 qui
350 2803 526 2867 utilitatem
542 2813 646 2885 putat,
659 2823 726 2867 non
740 2804 819 2886 quid
837 2803 982 2865 maxime
997 2802 1076 2866 velit
1091 2823 1213 2877 suasor,
1230 2804 1288 2866 sed
1304 2805 1384 2885 quid

1404 1588 1435 1624 10

811 2997 869 3039 tone
878 2988 907 3037 of
916 2988 1119 3052 theperorations
1127 2988 1156 3036 of
1162 2983 1203 3037 the
1213 2989 1283 3037 Attic
1290 2996 1386 3038 orators

810 3055 836 3102 in
848 3055 933 3117 Jebb’s
944 3055 1015 3102 Attic
1027 3055 1137 3114 Orators,
1150 3054 1164 3101 i,
1178 3071 1203 3118 p.
1217 3054 1265 3102 ciii.

846 3133 884 3168 11.
900 3123 966 3175 iam,
979 3117 1193 3168 ‘henceforward'
1206 3118 1270 3168 alter
1280 3135 1326 3168 our
1337 3120 1385 3168 dis·

810 3185 908 3234 cussion
921 3184 949 3232 of
959 3185 1000 3233 the
1011 3201 1084 3248 genus
1095 3185 1211 3233 iudiciale.

844 3264 882 3313 15·
901 3254 952 3300 sed
961 3257 1064 3306 tamen,
1076 3249 1114 3299 ie.
1126 3251 1171 3298 but
1183 3249 1251 3298 there
1262 3266 1304 3298 are
1315 3267 1385 3300 some
1424 3303 1426 3309 Α

808 3317 891 3380 points
903 3316 933 3364 of
945 3316 1081 3371 difference,
1092 3315 1137 3375 lor,
1153 3323 1198 3364 etc.
1231 3316 1292 3363 This
1305 3332 1385 3366 wasa

809 3383 990 3430 consideration
1017 3380 1119 3446 ignored
1146 3381 1171 3429 in
1199 3380 1242 3429 the
1270 3382 1385 3446 ordinary

808 3447 1020 3497 school-rhetoric.

844 3527 882 3575 14.
893 3516 1074 3570 gravissimae
1084 3517 1228 3569 personae,
1241 3515 1282 3560 ‘to
1290 3512 1385 3575 require

218 2993 359 3048 Namque,
382 2997 428 3039 etc.
462 2991 513 3039 For
535 2991 560 3038 in
580 2989 680 3053 dealing
699 2989 760 3038 with

184 3070 253 3104 cases
265 3055 320 3104 that
332 3056 423 3119 partos
432 3056 474 3104 th.u
483 3055 599 3118 pleading
606 3053 688 3104 which
696 3056 759 3104 aims

184 3127 211 3168 at
222 3120 385 3184 establishing
396 3137 457 3183 your
469 3122 519 3169 line
530 3121 559 3169 ol
572 3129 701 3183 argument
714 3121 760 3168 has

184 3185 230 3235 but
247 3201 294 3234 oue
314 3186 395 3248 object
413 3187 438 3234 in
449 3187 519 3242 view,
533 3186 555 3234 il
569 3186 581 3234 I
599 3201 657 3248 may
668 3201 712 3249 say
723 3201 759 3235 so.

185 3254 354 3314 (quaedam).
367 3258 380 3312 t
395 3253 448 3310 185-

219 3331 240 3365 2.
257 3321 510 3367 confirmationem:
537 3317 580 3366 Or.
600 3323 664 3379 part.
682 3332 705 3382 9.
728 3331 758 3380 33

184 3387 191 3407 ⁴
200 3397 263 3445 quae
272 3383 372 3446 quidem
381 3383 421 3446 [ea
429 3399 493 3446 quae
500 3384 531 3431 nd
540 3382 678 3432 faciendam
686 3381 759 3432 fidem

184 3448 319 3512 pertinent]
334 3449 358 3496 in
371 3448 583 3498 confirmationem
597 3454 621 3495 et
633 3448 760 3511 reprehen-

185 3513 279 3561 sionem
291 3512 458 3563 dividuntur':
480 3528 518 3563 12.
531 3530 580 3577 445
598 3526 700 3574 35.120.
729 3520 759 3565 et

184 3585 294 3634 natura,
307 3585 367 3626 ‘not
382 3579 442 3642 only
455 3580 489 3643 by
504 3589 596 3632 nature.
608 3578 652 3626 but
665 3579 719 3628 also
734 3580 758 3628 in

184 3643 759 3774 {itte‘'ltlttttlttltt,tttt·

184 3775 401 3902 treyalerilugendia
420 3841 465 3890 ie.
481 3840 515 3905 by
533 3840 695 3905 heightening
716 3839 759 3890 the

184 3905 254 3954 effect
266 3922 316 3968 you
326 3907 387 3955 have
396 3907 457 3955 been
470 3906 651 3971 endeavouring
663 3914 691 3955 to
702 3922 759 3970 pro-

183 3971 253 4026 duce.
266 3971 377 4020 whether
394 3971 448 4021 that
465 3971 485 4019 is
503 3978 529 4021 to
547 3972 577 4020 be
594 3973 659 4021 done
676 3973 709 4036 by
720 3988 759 4020 ex·

183 4037 262 4100 citing
279 4037 321 4086 the
335 4036 419 4100 judge,
439 4053 468 4085 or
484 4038 518 4101 by
530 4038 637 4102 calming
649 4039 690 4086 the
702 4037 757 4086 leel·

182 4101 238 4166 ings
257 4104 361 4151 aroused
382 4104 415 4166 by
431 4118 493 4165 your
509 4111 643 4166 opponent.
677 4103 724 4166 Cp.
741 4103 758 4153 i.

183 4181 223 4228 31.
239 4183 299 4230 143;
316 4169 350 4216 iii.
366 4170 402 4216 26.
418 4183 483 4233 1043
500 4170 544 4218 Ar.
556 4169 630 4219 Rhet.
643 4169 678 4218 iii.
692 4182 756 4232 19.1

183 4233 196 4280 ὁ
217 4232 237 4279 δ’
247 4234 360 4295 ἐπίλογος
371 4232 496 4295 σύγκειται
517 4235 544 4282 ἐκ
560 4234 684 4297 τεττάρων
696 4235 758 4282 ἔκτε
786 4237 789 4242 “

182 4298 227 4346 τοῦ
258 4297 314 4362 πρὸς
341 4297 427 4348 ἑαυτὸν
455 4299 632 4348 κατασκευάσαι
660 4298 687 4350 εὖ
713 4297 758 4346 τὸν

183 4365 304 4425 ἀκροατὴν
321 4363 421 4414 καὶτὸν
438 4365 548 4414 ἐναντίον
564 4363 669 4428 φαύλως,
680 4363 719 4411 καὶ
731 4364 758 4411 ἐκ

182 4430 228 4477 τοῦ
237 4429 338 4490 αὐξῆσαι
350 4431 389 4478 καὶ
405 4431 562 4486 ταπεινῶσαι,
574 4430 613 4478 καὶ
631 4430 659 4478 hc
669 4429 714 4477 τοῦ
725 4430 758 4478 cis

182 4492 288 4556 τὰπάθη
303 4493 349 4542 τὸν
359 4495 480 4556 ἀκροατὴν
495 4497 657 4556 καταστῆσαι,
676 4493 715 4543 real
732 4494 757 4557 if

183 4559 346 4621 ἀναμνήσεως.
387 4562 434 4625 Cp.
457 4559 559 4624 Sandys’
581 4569 639 4610 note
661 4560 686 4609 in
709 4560 757 4609 loc.

183 4625 232 4675 and
244 4640 313 4676 some
329 4626 449 4676 excellent
465 4627 575 4676 remarks
592 4642 625 4676 on
637 4625 679 4675 the
690 4626 757 4689 quiet

809 3593 824 3626 a
836 3579 962 3627 character
973 3577 1003 3626 os
1011 3578 1053 3626 the
1067 3584 1175 3642 greatest
1186 3577 1278 3640 weight
1286 3575 1303 3633 ;'
1315 3577 1384 3642 equi·

808 3644 891 3692 valent
903 3652 930 3691 to
941 3645 1044 3706 dignitas
1055 3643 1080 3690 in
1094 3649 1105 3702 §
1120 3657 1176 3704 334.

845 3723 883 3772 15.
901 3712 1084 3767 eonsilium,§
1102 3706 1143 3763 163
1158 3708 1247 3770 (note).

844 3787 880 3838 19.
897 3775 1004 3832 ingenii
1023 3776 1237 3822 ostentationis:
1269 3772 1327 3823 Div.
1357 3773 1382 3822 in

808 3839 882 3889 Caec.
893 3853 929 3888 11.
939 3838 1046 3902 36‘cum
1055 3839 1135 3886 omnis
1142 3838 1288 3902 adrogantia
1296 3838 1383 3888 odiosa

807 3914 852 3963 est,
877 3911 930 3952 tum
953 3905 996 3952 illa
1019 3903 1109 3966 ingenii
1131 3913 1205 3967 atque
1228 3904 1383 3968 eloquentiae

808 3970 882 4033 longe
902 3966 1091 4018 molestissima.'
1125 3969 1180 4017 The
1197 3971 1340 4034 experience
1358 3971 1387 4019 of

808 4052 854 4084 our
872 4036 959 4084 House
975 4036 1003 4084 ol
1018 4036 1155 4084 Commons
1171 4035 1233 4099 sully
1250 4036 1321 4085 bears
1338 4043 1383 4086 out

808 4101 850 4149 the
862 4101 958 4150 remark
970 4101 1000 4149 ol
1008 4099 1140 4149 Antonius.

843 4182 880 4215 20.
894 4171 977 4223 capit,
990 4166 1114 4215 ‘admits’

843 4246 880 4281 21.
897 4236 981 4290 Ergo,
993 4231 1149 4295 resumptive,
1163 4231 1226 4280 alter
1239 4231 1281 4280 the
1296 4247 1381 4295 paren·

808 4297 910 4346 thetical
922 4296 1019 4358 remark
1030 4313 1097 4361 upon
1110 4296 1152 4346 the
1163 4298 1245 4346 contio.

842 4378 880 4411 aa.
892 4365 1046 4411 utilitatem
1057 4368 1146 4418 putat,
1165 4362 1224 4409 ‘has
1241 4376 1273 4408 an
1290 4376 1334 4423 eye
1354 4368 1381 4411 to

807 4425 962 4491 advantage!
996 4425 1062 4474 Such
1082 4443 1097 4475 a
1115 4442 1172 4474 man
1192 4427 1252 4474 does
1274 4434 1318 4474 not
1340 4441 1381 4475 see

807 4494 874 4542 what
895 4495 938 4542 the
957 4491 1054 4540 adviser
1073 4497 1139 4540 must
1161 4490 1235 4540 malre
1254 4491 1293 4539 his
1313 4493 1380 4540 main

806 4574 921 4623 purpose,
943 4559 988 4605 but
1015 4555 1073 4618 only
1095 4557 1163 4604 what
1185 4556 1216 4604 he
1239 4557 1380 4606 sometimes

806 4624 876 4674 takes
893 4639 921 4673 as
936 4622 974 4671 his
985 4620 1127 4670 immediate
1143 4621 1232 4684 object.
